%YAML 1.1
%TAG !u! tag:unity3d.com,2011:
--- !u!1 &3122971357367618289
GameObject:
  m_ObjectHideFlags: 0
  m_CorrespondingSourceObject: {fileID: 0}
  m_PrefabInstance: {fileID: 0}
  m_PrefabAsset: {fileID: 0}
  serializedVersion: 6
  m_Component:
  - component: {fileID: 3122971357367618288}
  m_Layer: 18
  m_Name: SpawnHandle
  m_TagString: Untagged
  m_Icon: {fileID: 0}
  m_NavMeshLayer: 0
  m_StaticEditorFlags: 0
  m_IsActive: 1
--- !u!4 &3122971357367618288
Transform:
  m_ObjectHideFlags: 0
  m_CorrespondingSourceObject: {fileID: 0}
  m_PrefabInstance: {fileID: 0}
  m_PrefabAsset: {fileID: 0}
  m_GameObject: {fileID: 3122971357367618289}
  m_LocalRotation: {x: 0, y: 0, z: 0, w: 1}
  m_LocalPosition: {x: -1.05, y: 0, z: -0.97}
  m_LocalScale: {x: 1, y: 1, z: 1}
  m_ConstrainProportionsScale: 0
  m_Children: []
  m_Father: {fileID: 3122971357455929708}
  m_RootOrder: 1
  m_LocalEulerAnglesHint: {x: 0, y: 0, z: 0}
--- !u!1 &3122971357455929707
GameObject:
  m_ObjectHideFlags: 0
  m_CorrespondingSourceObject: {fileID: 0}
  m_PrefabInstance: {fileID: 0}
  m_PrefabAsset: {fileID: 0}
  serializedVersion: 6
  m_Component:
  - component: {fileID: 3122971357455929708}
  - component: {fileID: 3122971357455929706}
  - component: {fileID: 3122971357455929709}
  - component: {fileID: 1536312759}
  m_Layer: 18
  m_Name: Armored Portapotty Spawner
  m_TagString: Untagged
  m_Icon: {fileID: 0}
  m_NavMeshLayer: 0
  m_StaticEditorFlags: 0
  m_IsActive: 1
--- !u!4 &3122971357455929708
Transform:
  m_ObjectHideFlags: 0
  m_CorrespondingSourceObject: {fileID: 0}
  m_PrefabInstance: {fileID: 0}
  m_PrefabAsset: {fileID: 0}
  m_GameObject: {fileID: 3122971357455929707}
  m_LocalRotation: {x: 0, y: 0, z: 0, w: 1}
  m_LocalPosition: {x: 0, y: 0.55, z: 0}
  m_LocalScale: {x: 1, y: 1, z: 1}
  m_ConstrainProportionsScale: 0
  m_Children:
  - {fileID: 3122971358319552481}
  - {fileID: 3122971357367618288}
  - {fileID: 258846708999746693}
  m_Father: {fileID: 0}
  m_RootOrder: 0
  m_LocalEulerAnglesHint: {x: 0, y: 0, z: 0}
--- !u!114 &3122971357455929706
MonoBehaviour:
  m_ObjectHideFlags: 0
  m_CorrespondingSourceObject: {fileID: 0}
  m_PrefabInstance: {fileID: 0}
  m_PrefabAsset: {fileID: 0}
  m_GameObject: {fileID: 3122971357455929707}
  m_Enabled: 1
  m_EditorHideFlags: 0
  m_Script: {fileID: 11500000, guid: 79bc80378973d644484b97a85aeaa1cb, type: 3}
  m_Name: 
  m_EditorClassIdentifier: 
  maxSpawnedEnemies: 1
  spawnableEnemyPrefab: {fileID: 7156254321087269581, guid: 993284ddd938f304eb23780dcbb08d78,
    type: 3}
  timeBetweenSpawns: 5
  spawnLocationEmptyTransform: {fileID: 3122971357367618288}
  canBeDestroyed: 0
--- !u!95 &3122971357455929709
Animator:
  serializedVersion: 4
  m_ObjectHideFlags: 0
  m_CorrespondingSourceObject: {fileID: 0}
  m_PrefabInstance: {fileID: 0}
  m_PrefabAsset: {fileID: 0}
  m_GameObject: {fileID: 3122971357455929707}
  m_Enabled: 1
  m_Avatar: {fileID: 0}
  m_Controller: {fileID: 9100000, guid: 55a0de820393a954180067cf5472da92, type: 2}
  m_CullingMode: 0
  m_UpdateMode: 0
  m_ApplyRootMotion: 0
  m_LinearVelocityBlending: 0
  m_StabilizeFeet: 0
  m_WarningMessage: 
  m_HasTransformHierarchy: 1
  m_AllowConstantClipSamplingOptimization: 1
  m_KeepAnimatorControllerStateOnDisable: 0
--- !u!208 &1536312759
NavMeshObstacle:
  m_ObjectHideFlags: 0
  m_CorrespondingSourceObject: {fileID: 0}
  m_PrefabInstance: {fileID: 0}
  m_PrefabAsset: {fileID: 0}
  m_GameObject: {fileID: 3122971357455929707}
  m_Enabled: 1
  serializedVersion: 3
  m_Shape: 1
  m_Extents: {x: 1, y: 0.5, z: 1}
  m_MoveThreshold: 0.1
  m_Carve: 1
  m_CarveOnlyStationary: 1
  m_Center: {x: 1, y: 0, z: -1}
  m_TimeToStationary: 0.5
--- !u!1 &3122971357551413801
GameObject:
  m_ObjectHideFlags: 0
  m_CorrespondingSourceObject: {fileID: 0}
  m_PrefabInstance: {fileID: 0}
  m_PrefabAsset: {fileID: 0}
  serializedVersion: 6
  m_Component:
  - component: {fileID: 3122971357551413800}
  - component: {fileID: 3122971357551413804}
  - component: {fileID: 3122971357551413805}
  - component: {fileID: 3122971357551413802}
  m_Layer: 18
  m_Name: Door
  m_TagString: Untagged
  m_Icon: {fileID: 0}
  m_NavMeshLayer: 0
  m_StaticEditorFlags: 0
  m_IsActive: 1
--- !u!4 &3122971357551413800
Transform:
  m_ObjectHideFlags: 0
  m_CorrespondingSourceObject: {fileID: 0}
  m_PrefabInstance: {fileID: 0}
  m_PrefabAsset: {fileID: 0}
  m_GameObject: {fileID: 3122971357551413801}
  m_LocalRotation: {x: -0, y: -0, z: -0, w: 1}
  m_LocalPosition: {x: 0.041000366, y: 1.38, z: -1.06}
  m_LocalScale: {x: 0.22911, y: 1, z: 1}
  m_ConstrainProportionsScale: 0
  m_Children: []
  m_Father: {fileID: 3122971358362186559}
  m_RootOrder: 0
  m_LocalEulerAnglesHint: {x: 0, y: 0, z: 0}
--- !u!114 &3122971357551413804
MonoBehaviour:
  m_ObjectHideFlags: 0
  m_CorrespondingSourceObject: {fileID: 0}
  m_PrefabInstance: {fileID: 0}
  m_PrefabAsset: {fileID: 0}
  m_GameObject: {fileID: 3122971357551413801}
  m_Enabled: 1
  m_EditorHideFlags: 0
  m_Script: {fileID: 11500000, guid: 8233d90336aea43098adf6dbabd606a2, type: 3}
  m_Name: 
  m_EditorClassIdentifier: 
  m_MeshFormatVersion: 2
  m_Faces:
  - m_Indexes: 000000000100000002000000010000000300000002000000
    m_SmoothingGroup: 0
    m_Uv:
      m_UseWorldSpace: 0
      m_FlipU: 0
      m_FlipV: 0
      m_SwapUV: 0
      m_Fill: 1
      m_Scale: {x: 1, y: 1}
      m_Offset: {x: 0, y: 0}
      m_Rotation: 0
      m_Anchor: 9
    m_Material: {fileID: 0}
    m_SubmeshIndex: 0
    m_ManualUV: 0
    elementGroup: -1
    m_TextureGroup: -1
  - m_Indexes: 040000000500000006000000050000000700000006000000
    m_SmoothingGroup: 0
    m_Uv:
      m_UseWorldSpace: 0
      m_FlipU: 0
      m_FlipV: 0
      m_SwapUV: 0
      m_Fill: 1
      m_Scale: {x: 1, y: 1}
      m_Offset: {x: 0, y: 0}
      m_Rotation: 0
      m_Anchor: 9
    m_Material: {fileID: 0}
    m_SubmeshIndex: 0
    m_ManualUV: 0
    elementGroup: -1
    m_TextureGroup: -1
  - m_Indexes: 08000000090000000a000000090000000b0000000a000000
    m_SmoothingGroup: 0
    m_Uv:
      m_UseWorldSpace: 0
      m_FlipU: 0
      m_FlipV: 0
      m_SwapUV: 0
      m_Fill: 1
      m_Scale: {x: 1, y: 1}
      m_Offset: {x: 0, y: 0}
      m_Rotation: 0
      m_Anchor: 9
    m_Material: {fileID: 0}
    m_SubmeshIndex: 0
    m_ManualUV: 0
    elementGroup: -1
    m_TextureGroup: -1
  - m_Indexes: 0c0000000d0000000e0000000d0000000f0000000e000000
    m_SmoothingGroup: 0
    m_Uv:
      m_UseWorldSpace: 0
      m_FlipU: 0
      m_FlipV: 0
      m_SwapUV: 0
      m_Fill: 1
      m_Scale: {x: 1, y: 1}
      m_Offset: {x: 0, y: 0}
      m_Rotation: 0
      m_Anchor: 9
    m_Material: {fileID: 0}
    m_SubmeshIndex: 0
    m_ManualUV: 0
    elementGroup: -1
    m_TextureGroup: -1
  - m_Indexes: 100000001100000012000000110000001300000012000000
    m_SmoothingGroup: 0
    m_Uv:
      m_UseWorldSpace: 0
      m_FlipU: 0
      m_FlipV: 0
      m_SwapUV: 0
      m_Fill: 1
      m_Scale: {x: 1, y: 1}
      m_Offset: {x: 0, y: 0}
      m_Rotation: 0
      m_Anchor: 9
    m_Material: {fileID: 0}
    m_SubmeshIndex: 0
    m_ManualUV: 0
    elementGroup: -1
    m_TextureGroup: -1
  - m_Indexes: 140000001500000016000000150000001700000016000000
    m_SmoothingGroup: 0
    m_Uv:
      m_UseWorldSpace: 0
      m_FlipU: 0
      m_FlipV: 0
      m_SwapUV: 0
      m_Fill: 1
      m_Scale: {x: 1, y: 1}
      m_Offset: {x: 0, y: 0}
      m_Rotation: 0
      m_Anchor: 9
    m_Material: {fileID: 0}
    m_SubmeshIndex: 0
    m_ManualUV: 0
    elementGroup: -1
    m_TextureGroup: -1
  m_SharedVertices:
  - m_Vertices: 000000000d00000016000000
  - m_Vertices: 010000000400000017000000
  - m_Vertices: 020000000f00000010000000
  - m_Vertices: 030000000600000011000000
  - m_Vertices: 050000000800000015000000
  - m_Vertices: 070000000a00000013000000
  - m_Vertices: 090000000c00000014000000
  - m_Vertices: 0b0000000e00000012000000
  m_SharedTextures: []
  m_Positions:
  - {x: -0.09999855, y: -1.3455129, z: 1.0528264}
  - {x: 0.10000207, y: -1.3455129, z: 1.0528264}
  - {x: -0.09999647, y: 1.3455129, z: 1.0528259}
  - {x: 0.10000415, y: 1.3455129, z: 1.0528259}
  - {x: 0.10000207, y: -1.3455129, z: 1.0528264}
  - {x: 0.099999994, y: -1.3455127, z: -0.28706884}
  - {x: 0.10000415, y: 1.3455129, z: 1.0528259}
  - {x: 0.10000207, y: 1.3455129, z: -0.28706932}
  - {x: 0.099999994, y: -1.3455127, z: -0.28706884}
  - {x: -0.100000635, y: -1.3455127, z: -0.28706884}
  - {x: 0.10000207, y: 1.3455129, z: -0.28706932}
  - {x: -0.09999855, y: 1.3455129, z: -0.28706932}
  - {x: -0.100000635, y: -1.3455127, z: -0.28706884}
  - {x: -0.09999855, y: -1.3455129, z: 1.0528264}
  - {x: -0.09999855, y: 1.3455129, z: -0.28706932}
  - {x: -0.09999647, y: 1.3455129, z: 1.0528259}
  - {x: -0.09999647, y: 1.3455129, z: 1.0528259}
  - {x: 0.10000415, y: 1.3455129, z: 1.0528259}
  - {x: -0.09999855, y: 1.3455129, z: -0.28706932}
  - {x: 0.10000207, y: 1.3455129, z: -0.28706932}
  - {x: -0.100000635, y: -1.3455127, z: -0.28706884}
  - {x: 0.099999994, y: -1.3455127, z: -0.28706884}
  - {x: -0.09999855, y: -1.3455129, z: 1.0528264}
  - {x: 0.10000207, y: -1.3455129, z: 1.0528264}
  m_Textures0:
  - {x: 0.09999855, y: -1.3455131}
  - {x: -0.10000207, y: -1.3455131}
  - {x: 0.09999647, y: 1.3455126}
  - {x: -0.10000415, y: 1.3455126}
  - {x: 1.0528265, y: -1.3455127}
  - {x: -0.2870687, y: -1.3455126}
  - {x: 1.052826, y: 1.345513}
  - {x: -0.28706917, y: 1.345513}
  - {x: 0.099999994, y: -1.3455127}
  - {x: -0.100000635, y: -1.3455127}
  - {x: 0.10000207, y: 1.3455129}
  - {x: -0.09999855, y: 1.3455129}
  - {x: 0.287069, y: -1.3455129}
  - {x: -1.0528263, y: -1.345513}
  - {x: 0.28706947, y: 1.3455127}
  - {x: -1.0528258, y: 1.3455127}
  - {x: -0.09999647, y: 1.0528259}
  - {x: 0.10000415, y: 1.0528259}
  - {x: -0.09999855, y: -0.28706932}
  - {x: 0.10000207, y: -0.28706932}
  - {x: 0.100000635, y: -0.28706872}
  - {x: -0.099999994, y: -0.28706872}
  - {x: 0.09999855, y: 1.0528265}
  - {x: -0.10000207, y: 1.0528265}
  m_Textures2: []
  m_Textures3: []
  m_Tangents:
  - {x: -1, y: 0, z: 0, w: -1}
  - {x: -1, y: 0, z: 0, w: -1}
  - {x: -1, y: 0, z: 0, w: -1}
  - {x: -1, y: 0, z: 0, w: -1}
  - {x: 0.0000015513989, y: 0, z: 1, w: -1}
  - {x: 0.0000015513989, y: -8.781866e-20, z: 1, w: -1}
  - {x: 0.0000015513989, y: -8.781866e-20, z: 1, w: -1}
  - {x: 0.0000015513989, y: -8.781866e-20, z: 1, w: -1}
  - {x: 1, y: 0, z: 0, w: -1}
  - {x: 1, y: 0, z: 0, w: -1}
  - {x: 1, y: 0, z: 0, w: -1}
  - {x: 1, y: 0, z: 0, w: -1}
  - {x: -0.0000015569595, y: 8.8133425e-20, z: -1, w: -1}
  - {x: -0.0000015541792, y: 8.797604e-20, z: -1, w: -1}
  - {x: -0.0000015541792, y: 8.797604e-20, z: -1, w: -1}
  - {x: -0.0000015513989, y: 8.781866e-20, z: -1, w: -1}
  - {x: 1, y: 0, z: 0, w: -1}
  - {x: 1, y: 0, z: 0, w: -1}
  - {x: 1, y: 0, z: 0, w: -1}
  - {x: 1, y: 0, z: 0, w: -1}
  - {x: -1, y: 0, z: 0, w: -1}
  - {x: -1, y: 0, z: 0, w: -1}
  - {x: -1, y: 0, z: 0, w: -1}
  - {x: -1, y: 0, z: 0, w: -1}
  m_Colors: []
  m_UnwrapParameters:
    m_HardAngle: 88
    m_PackMargin: 20
    m_AngleError: 8
    m_AreaError: 15
  m_PreserveMeshAssetOnDestroy: 0
  assetGuid: 
  m_Mesh: {fileID: 0}
  m_VersionIndex: 0
  m_IsSelectable: 1
  m_SelectedFaces: 
  m_SelectedEdges: []
  m_SelectedVertices: 
--- !u!23 &3122971357551413805
MeshRenderer:
  m_ObjectHideFlags: 0
  m_CorrespondingSourceObject: {fileID: 0}
  m_PrefabInstance: {fileID: 0}
  m_PrefabAsset: {fileID: 0}
  m_GameObject: {fileID: 3122971357551413801}
  m_Enabled: 1
  m_CastShadows: 1
  m_ReceiveShadows: 1
  m_DynamicOccludee: 1
  m_StaticShadowCaster: 0
  m_MotionVectors: 1
  m_LightProbeUsage: 1
  m_ReflectionProbeUsage: 1
  m_RayTracingMode: 2
  m_RayTraceProcedural: 0
  m_RenderingLayerMask: 1
  m_RendererPriority: 0
  m_Materials:
  - {fileID: 2100000, guid: 31321ba15b8f8eb4c954353edc038b1d, type: 2}
  m_StaticBatchInfo:
    firstSubMesh: 0
    subMeshCount: 0
  m_StaticBatchRoot: {fileID: 0}
  m_ProbeAnchor: {fileID: 0}
  m_LightProbeVolumeOverride: {fileID: 0}
  m_ScaleInLightmap: 1
  m_ReceiveGI: 1
  m_PreserveUVs: 0
  m_IgnoreNormalsForChartDetection: 0
  m_ImportantGI: 0
  m_StitchLightmapSeams: 1
  m_SelectedEditorRenderState: 2
  m_MinimumChartSize: 4
  m_AutoUVMaxDistance: 0.5
  m_AutoUVMaxAngle: 89
  m_LightmapParameters: {fileID: 0}
  m_SortingLayerID: 0
  m_SortingLayer: 0
  m_SortingOrder: 0
  m_AdditionalVertexStreams: {fileID: 0}
--- !u!33 &3122971357551413802
MeshFilter:
  m_ObjectHideFlags: 0
  m_CorrespondingSourceObject: {fileID: 0}
  m_PrefabInstance: {fileID: 0}
  m_PrefabAsset: {fileID: 0}
  m_GameObject: {fileID: 3122971357551413801}
  m_Mesh: {fileID: 0}
--- !u!1 &3122971358319552494
GameObject:
  m_ObjectHideFlags: 0
  m_CorrespondingSourceObject: {fileID: 0}
  m_PrefabInstance: {fileID: 0}
  m_PrefabAsset: {fileID: 0}
  serializedVersion: 6
  m_Component:
  - component: {fileID: 3122971358319552481}
  - component: {fileID: 3122971358319552485}
  - component: {fileID: 3122971358319552482}
  - component: {fileID: 3122971358319552483}
  - component: {fileID: 689876491145882593}
  m_Layer: 18
  m_Name: Graphics
  m_TagString: Untagged
  m_Icon: {fileID: 0}
  m_NavMeshLayer: 0
  m_StaticEditorFlags: 0
  m_IsActive: 1
--- !u!4 &3122971358319552481
Transform:
  m_ObjectHideFlags: 0
  m_CorrespondingSourceObject: {fileID: 0}
  m_PrefabInstance: {fileID: 0}
  m_PrefabAsset: {fileID: 0}
  m_GameObject: {fileID: 3122971358319552494}
  m_LocalRotation: {x: -0, y: -0, z: -0, w: 1}
  m_LocalPosition: {x: 0, y: 0, z: 0}
  m_LocalScale: {x: 1, y: 1, z: 1}
  m_ConstrainProportionsScale: 0
  m_Children:
  - {fileID: 3122971358362186559}
  m_Father: {fileID: 3122971357455929708}
  m_RootOrder: 0
  m_LocalEulerAnglesHint: {x: 0, y: 0, z: 0}
--- !u!114 &3122971358319552485
MonoBehaviour:
  m_ObjectHideFlags: 0
  m_CorrespondingSourceObject: {fileID: 0}
  m_PrefabInstance: {fileID: 0}
  m_PrefabAsset: {fileID: 0}
  m_GameObject: {fileID: 3122971358319552494}
  m_Enabled: 1
  m_EditorHideFlags: 0
  m_Script: {fileID: 11500000, guid: 8233d90336aea43098adf6dbabd606a2, type: 3}
  m_Name: 
  m_EditorClassIdentifier: 
  m_MeshFormatVersion: 2
  m_Faces:
  - m_Indexes: 000000000100000002000000030000000000000002000000
    m_SmoothingGroup: 0
    m_Uv:
      m_UseWorldSpace: 0
      m_FlipU: 0
      m_FlipV: 0
      m_SwapUV: 0
      m_Fill: 1
      m_Scale: {x: 1, y: 1}
      m_Offset: {x: 0, y: 0}
      m_Rotation: 0
      m_Anchor: 9
    m_Material: {fileID: 2100000, guid: 31321ba15b8f8eb4c954353edc038b1d, type: 2}
    m_SubmeshIndex: 0
    m_ManualUV: 0
    elementGroup: 0
    m_TextureGroup: 1
  - m_Indexes: 070000000400000005000000060000000700000005000000
    m_SmoothingGroup: 0
    m_Uv:
      m_UseWorldSpace: 0
      m_FlipU: 0
      m_FlipV: 0
      m_SwapUV: 0
      m_Fill: 1
      m_Scale: {x: 1, y: 1}
      m_Offset: {x: 0, y: 0}
      m_Rotation: 0
      m_Anchor: 9
    m_Material: {fileID: 2100000, guid: 31321ba15b8f8eb4c954353edc038b1d, type: 2}
    m_SubmeshIndex: 0
    m_ManualUV: 0
    elementGroup: 0
    m_TextureGroup: 1
  - m_Indexes: 08000000090000000a0000000b000000080000000a000000
    m_SmoothingGroup: 0
    m_Uv:
      m_UseWorldSpace: 0
      m_FlipU: 0
      m_FlipV: 0
      m_SwapUV: 0
      m_Fill: 1
      m_Scale: {x: 1, y: 1}
      m_Offset: {x: 0, y: 0}
      m_Rotation: 0
      m_Anchor: 9
    m_Material: {fileID: 2100000, guid: 31321ba15b8f8eb4c954353edc038b1d, type: 2}
    m_SubmeshIndex: 0
    m_ManualUV: 0
    elementGroup: 0
    m_TextureGroup: 2
  - m_Indexes: 0c0000000d0000000e0000000f0000000c0000000e000000
    m_SmoothingGroup: 0
    m_Uv:
      m_UseWorldSpace: 0
      m_FlipU: 0
      m_FlipV: 0
      m_SwapUV: 0
      m_Fill: 1
      m_Scale: {x: 1, y: 1}
      m_Offset: {x: 0, y: 0}
      m_Rotation: 0
      m_Anchor: 9
    m_Material: {fileID: 2100000, guid: 31321ba15b8f8eb4c954353edc038b1d, type: 2}
    m_SubmeshIndex: 0
    m_ManualUV: 0
    elementGroup: 0
    m_TextureGroup: 2
  - m_Indexes: 130000001000000011000000120000001300000011000000
    m_SmoothingGroup: 0
    m_Uv:
      m_UseWorldSpace: 0
      m_FlipU: 0
      m_FlipV: 0
      m_SwapUV: 0
      m_Fill: 1
      m_Scale: {x: 1, y: 1}
      m_Offset: {x: 0, y: 0}
      m_Rotation: 0
      m_Anchor: 9
    m_Material: {fileID: 2100000, guid: 31321ba15b8f8eb4c954353edc038b1d, type: 2}
    m_SubmeshIndex: 0
    m_ManualUV: 0
    elementGroup: 0
    m_TextureGroup: 2
  - m_Indexes: 160000001700000014000000150000001600000014000000
    m_SmoothingGroup: 0
    m_Uv:
      m_UseWorldSpace: 0
      m_FlipU: 0
      m_FlipV: 0
      m_SwapUV: 0
      m_Fill: 1
      m_Scale: {x: 1, y: 1}
      m_Offset: {x: 0, y: 0}
      m_Rotation: 0
      m_Anchor: 9
    m_Material: {fileID: 2100000, guid: 31321ba15b8f8eb4c954353edc038b1d, type: 2}
    m_SubmeshIndex: 0
    m_ManualUV: 0
    elementGroup: 0
    m_TextureGroup: 2
  - m_Indexes: 1b000000190000001a0000001b0000001800000019000000
    m_SmoothingGroup: 0
    m_Uv:
      m_UseWorldSpace: 0
      m_FlipU: 0
      m_FlipV: 0
      m_SwapUV: 0
      m_Fill: 1
      m_Scale: {x: 1, y: 1}
      m_Offset: {x: 0, y: 0}
      m_Rotation: 0
      m_Anchor: 9
    m_Material: {fileID: 2100000, guid: 31321ba15b8f8eb4c954353edc038b1d, type: 2}
    m_SubmeshIndex: 0
    m_ManualUV: 0
    elementGroup: 0
    m_TextureGroup: 3
  - m_Indexes: 1d0000001f0000001c0000001d0000001e0000001f000000
    m_SmoothingGroup: 0
    m_Uv:
      m_UseWorldSpace: 0
      m_FlipU: 0
      m_FlipV: 0
      m_SwapUV: 0
      m_Fill: 1
      m_Scale: {x: 1, y: 1}
      m_Offset: {x: 0, y: 0}
      m_Rotation: 0
      m_Anchor: 9
    m_Material: {fileID: 2100000, guid: 31321ba15b8f8eb4c954353edc038b1d, type: 2}
    m_SubmeshIndex: 0
    m_ManualUV: 0
    elementGroup: 0
    m_TextureGroup: 3
  - m_Indexes: 220000002300000020000000210000002200000020000000
    m_SmoothingGroup: 0
    m_Uv:
      m_UseWorldSpace: 0
      m_FlipU: 0
      m_FlipV: 0
      m_SwapUV: 0
      m_Fill: 1
      m_Scale: {x: 1, y: 1}
      m_Offset: {x: 0, y: 0}
      m_Rotation: 0
      m_Anchor: 9
    m_Material: {fileID: 2100000, guid: 31321ba15b8f8eb4c954353edc038b1d, type: 2}
    m_SubmeshIndex: 2
    m_ManualUV: 0
    elementGroup: 0
    m_TextureGroup: -1
  - m_Indexes: 250000002600000027000000240000002500000027000000
    m_SmoothingGroup: 0
    m_Uv:
      m_UseWorldSpace: 0
      m_FlipU: 0
      m_FlipV: 0
      m_SwapUV: 0
      m_Fill: 1
      m_Scale: {x: 1, y: 1}
      m_Offset: {x: 0, y: 0}
      m_Rotation: 0
      m_Anchor: 9
    m_Material: {fileID: 2100000, guid: 31321ba15b8f8eb4c954353edc038b1d, type: 2}
    m_SubmeshIndex: 2
    m_ManualUV: 0
    elementGroup: 0
    m_TextureGroup: -1
  - m_Indexes: 2b000000290000002a0000002b0000002800000029000000
    m_SmoothingGroup: 0
    m_Uv:
      m_UseWorldSpace: 0
      m_FlipU: 0
      m_FlipV: 0
      m_SwapUV: 0
      m_Fill: 1
      m_Scale: {x: 1, y: 1}
      m_Offset: {x: 0, y: 0}
      m_Rotation: 0
      m_Anchor: 9
    m_Material: {fileID: 2100000, guid: 31321ba15b8f8eb4c954353edc038b1d, type: 2}
    m_SubmeshIndex: 0
    m_ManualUV: 0
    elementGroup: 0
    m_TextureGroup: 6
  - m_Indexes: 2e0000002c0000002d0000002e0000002f0000002c000000
    m_SmoothingGroup: 0
    m_Uv:
      m_UseWorldSpace: 0
      m_FlipU: 0
      m_FlipV: 0
      m_SwapUV: 0
      m_Fill: 1
      m_Scale: {x: 1, y: 1}
      m_Offset: {x: 0, y: 0}
      m_Rotation: 0
      m_Anchor: 9
    m_Material: {fileID: 2100000, guid: 31321ba15b8f8eb4c954353edc038b1d, type: 2}
    m_SubmeshIndex: 0
    m_ManualUV: 0
    elementGroup: 0
    m_TextureGroup: 6
  - m_Indexes: 340000003000000031000000340000003100000032000000330000003400000032000000
    m_SmoothingGroup: 0
    m_Uv:
      m_UseWorldSpace: 0
      m_FlipU: 0
      m_FlipV: 0
      m_SwapUV: 0
      m_Fill: 1
      m_Scale: {x: 1, y: 1}
      m_Offset: {x: 0, y: 0}
      m_Rotation: 0
      m_Anchor: 9
    m_Material: {fileID: 2100000, guid: 31321ba15b8f8eb4c954353edc038b1d, type: 2}
    m_SubmeshIndex: 0
    m_ManualUV: 0
    elementGroup: 0
    m_TextureGroup: 1
  - m_Indexes: 390000003500000036000000390000003600000037000000380000003900000037000000
    m_SmoothingGroup: 0
    m_Uv:
      m_UseWorldSpace: 0
      m_FlipU: 0
      m_FlipV: 0
      m_SwapUV: 0
      m_Fill: 1
      m_Scale: {x: 1, y: 1}
      m_Offset: {x: 0, y: 0}
      m_Rotation: 0
      m_Anchor: 9
    m_Material: {fileID: 2100000, guid: 31321ba15b8f8eb4c954353edc038b1d, type: 2}
    m_SubmeshIndex: 0
    m_ManualUV: 0
    elementGroup: 0
    m_TextureGroup: 1
  - m_Indexes: 3d0000003b0000003c0000003d0000003e0000003b0000003e0000003a0000003b000000
    m_SmoothingGroup: 0
    m_Uv:
      m_UseWorldSpace: 0
      m_FlipU: 0
      m_FlipV: 0
      m_SwapUV: 0
      m_Fill: 1
      m_Scale: {x: 1, y: 1}
      m_Offset: {x: 0, y: 0}
      m_Rotation: 0
      m_Anchor: 9
    m_Material: {fileID: 2100000, guid: 31321ba15b8f8eb4c954353edc038b1d, type: 2}
    m_SubmeshIndex: 0
    m_ManualUV: 0
    elementGroup: 0
    m_TextureGroup: 3
  - m_Indexes: 420000004000000041000000420000004300000040000000430000003f00000040000000
    m_SmoothingGroup: 0
    m_Uv:
      m_UseWorldSpace: 0
      m_FlipU: 0
      m_FlipV: 0
      m_SwapUV: 0
      m_Fill: 1
      m_Scale: {x: 1, y: 1}
      m_Offset: {x: 0, y: 0}
      m_Rotation: 0
      m_Anchor: 9
    m_Material: {fileID: 2100000, guid: 31321ba15b8f8eb4c954353edc038b1d, type: 2}
    m_SubmeshIndex: 0
    m_ManualUV: 0
    elementGroup: 0
    m_TextureGroup: 3
  - m_Indexes: 460000004400000045000000460000004700000044000000
    m_SmoothingGroup: 0
    m_Uv:
      m_UseWorldSpace: 0
      m_FlipU: 0
      m_FlipV: 0
      m_SwapUV: 0
      m_Fill: 1
      m_Scale: {x: 1, y: 1}
      m_Offset: {x: 0, y: 0}
      m_Rotation: 0
      m_Anchor: 9
    m_Material: {fileID: 2100000, guid: 31321ba15b8f8eb4c954353edc038b1d, type: 2}
    m_SubmeshIndex: 1
    m_ManualUV: 0
    elementGroup: 0
    m_TextureGroup: -1
  - m_Indexes: 4a00000048000000490000004a0000004b00000048000000
    m_SmoothingGroup: 0
    m_Uv:
      m_UseWorldSpace: 0
      m_FlipU: 0
      m_FlipV: 0
      m_SwapUV: 0
      m_Fill: 1
      m_Scale: {x: 1, y: 1}
      m_Offset: {x: 0, y: 0}
      m_Rotation: 0
      m_Anchor: 9
    m_Material: {fileID: 2100000, guid: 31321ba15b8f8eb4c954353edc038b1d, type: 2}
    m_SubmeshIndex: 1
    m_ManualUV: 0
    elementGroup: 0
    m_TextureGroup: -1
  - m_Indexes: 4d0000004f0000004c0000004d0000004e0000004f000000
    m_SmoothingGroup: 0
    m_Uv:
      m_UseWorldSpace: 0
      m_FlipU: 0
      m_FlipV: 0
      m_SwapUV: 0
      m_Fill: 1
      m_Scale: {x: 1, y: 1}
      m_Offset: {x: 0, y: 0}
      m_Rotation: 0
      m_Anchor: 9
    m_Material: {fileID: 2100000, guid: 31321ba15b8f8eb4c954353edc038b1d, type: 2}
    m_SubmeshIndex: 0
    m_ManualUV: 0
    elementGroup: 0
    m_TextureGroup: 4
  - m_Indexes: 500000005200000053000000500000005100000052000000
    m_SmoothingGroup: 0
    m_Uv:
      m_UseWorldSpace: 0
      m_FlipU: 0
      m_FlipV: 0
      m_SwapUV: 0
      m_Fill: 1
      m_Scale: {x: 1, y: 1}
      m_Offset: {x: 0, y: 0}
      m_Rotation: 0
      m_Anchor: 9
    m_Material: {fileID: 2100000, guid: 31321ba15b8f8eb4c954353edc038b1d, type: 2}
    m_SubmeshIndex: 0
    m_ManualUV: 0
    elementGroup: 0
    m_TextureGroup: 4
  - m_Indexes: 560000005400000055000000560000005700000054000000
    m_SmoothingGroup: 0
    m_Uv:
      m_UseWorldSpace: 0
      m_FlipU: 0
      m_FlipV: 0
      m_SwapUV: 0
      m_Fill: 1
      m_Scale: {x: 1, y: 1}
      m_Offset: {x: 0, y: 0}
      m_Rotation: 0
      m_Anchor: 9
    m_Material: {fileID: 2100000, guid: 31321ba15b8f8eb4c954353edc038b1d, type: 2}
    m_SubmeshIndex: 0
    m_ManualUV: 0
    elementGroup: 0
    m_TextureGroup: 4
  - m_Indexes: 5a00000058000000590000005a0000005b00000058000000
    m_SmoothingGroup: 0
    m_Uv:
      m_UseWorldSpace: 0
      m_FlipU: 0
      m_FlipV: 0
      m_SwapUV: 0
      m_Fill: 1
      m_Scale: {x: 1, y: 1}
      m_Offset: {x: 0, y: 0}
      m_Rotation: 0
      m_Anchor: 9
    m_Material: {fileID: 2100000, guid: 31321ba15b8f8eb4c954353edc038b1d, type: 2}
    m_SubmeshIndex: 0
    m_ManualUV: 0
    elementGroup: 0
    m_TextureGroup: 4
  - m_Indexes: 5d0000005f0000005c0000005d0000005e0000005f000000
    m_SmoothingGroup: 0
    m_Uv:
      m_UseWorldSpace: 0
      m_FlipU: 0
      m_FlipV: 0
      m_SwapUV: 0
      m_Fill: 1
      m_Scale: {x: 1, y: 1}
      m_Offset: {x: 0, y: 0}
      m_Rotation: 0
      m_Anchor: 9
    m_Material: {fileID: 2100000, guid: 31321ba15b8f8eb4c954353edc038b1d, type: 2}
    m_SubmeshIndex: 1
    m_ManualUV: 0
    elementGroup: 0
    m_TextureGroup: -1
  - m_Indexes: 600000006200000063000000600000006100000062000000
    m_SmoothingGroup: 0
    m_Uv:
      m_UseWorldSpace: 0
      m_FlipU: 0
      m_FlipV: 0
      m_SwapUV: 0
      m_Fill: 1
      m_Scale: {x: 1, y: 1}
      m_Offset: {x: 0, y: 0}
      m_Rotation: 0
      m_Anchor: 9
    m_Material: {fileID: 2100000, guid: 31321ba15b8f8eb4c954353edc038b1d, type: 2}
    m_SubmeshIndex: 1
    m_ManualUV: 0
    elementGroup: 0
    m_TextureGroup: -1
  - m_Indexes: 660000006400000065000000660000006700000064000000
    m_SmoothingGroup: 0
    m_Uv:
      m_UseWorldSpace: 0
      m_FlipU: 0
      m_FlipV: 0
      m_SwapUV: 0
      m_Fill: 1
      m_Scale: {x: 1, y: 1}
      m_Offset: {x: 0, y: 0}
      m_Rotation: 0
      m_Anchor: 9
    m_Material: {fileID: 2100000, guid: 31321ba15b8f8eb4c954353edc038b1d, type: 2}
    m_SubmeshIndex: 0
    m_ManualUV: 0
    elementGroup: 0
    m_TextureGroup: 4
  - m_Indexes: 6a00000068000000690000006a0000006b00000068000000
    m_SmoothingGroup: 0
    m_Uv:
      m_UseWorldSpace: 0
      m_FlipU: 0
      m_FlipV: 0
      m_SwapUV: 0
      m_Fill: 1
      m_Scale: {x: 1, y: 1}
      m_Offset: {x: 0, y: 0}
      m_Rotation: 0
      m_Anchor: 9
    m_Material: {fileID: 2100000, guid: 31321ba15b8f8eb4c954353edc038b1d, type: 2}
    m_SubmeshIndex: 0
    m_ManualUV: 0
    elementGroup: 0
    m_TextureGroup: 4
  - m_Indexes: 6d0000006f0000006c0000006d0000006e0000006f000000
    m_SmoothingGroup: 0
    m_Uv:
      m_UseWorldSpace: 0
      m_FlipU: 0
      m_FlipV: 0
      m_SwapUV: 0
      m_Fill: 1
      m_Scale: {x: 1, y: 1}
      m_Offset: {x: 0, y: 0}
      m_Rotation: 0
      m_Anchor: 9
    m_Material: {fileID: 2100000, guid: 31321ba15b8f8eb4c954353edc038b1d, type: 2}
    m_SubmeshIndex: 0
    m_ManualUV: 0
    elementGroup: 0
    m_TextureGroup: 4
  - m_Indexes: 700000007200000073000000700000007100000072000000
    m_SmoothingGroup: 0
    m_Uv:
      m_UseWorldSpace: 0
      m_FlipU: 0
      m_FlipV: 0
      m_SwapUV: 0
      m_Fill: 1
      m_Scale: {x: 1, y: 1}
      m_Offset: {x: 0, y: 0}
      m_Rotation: 0
      m_Anchor: 9
    m_Material: {fileID: 2100000, guid: 31321ba15b8f8eb4c954353edc038b1d, type: 2}
    m_SubmeshIndex: 1
    m_ManualUV: 0
    elementGroup: 0
    m_TextureGroup: -1
  - m_Indexes: 760000007400000075000000760000007700000074000000
    m_SmoothingGroup: 0
    m_Uv:
      m_UseWorldSpace: 0
      m_FlipU: 0
      m_FlipV: 0
      m_SwapUV: 0
      m_Fill: 1
      m_Scale: {x: 1, y: 1}
      m_Offset: {x: 0, y: 0}
      m_Rotation: 0
      m_Anchor: 9
    m_Material: {fileID: 2100000, guid: 31321ba15b8f8eb4c954353edc038b1d, type: 2}
    m_SubmeshIndex: 1
    m_ManualUV: 0
    elementGroup: 0
    m_TextureGroup: -1
  - m_Indexes: 7a00000078000000790000007a0000007b00000078000000
    m_SmoothingGroup: 0
    m_Uv:
      m_UseWorldSpace: 0
      m_FlipU: 0
      m_FlipV: 0
      m_SwapUV: 0
      m_Fill: 1
      m_Scale: {x: 1, y: 1}
      m_Offset: {x: 0, y: 0}
      m_Rotation: 0
      m_Anchor: 9
    m_Material: {fileID: 2100000, guid: 31321ba15b8f8eb4c954353edc038b1d, type: 2}
    m_SubmeshIndex: 0
    m_ManualUV: 0
    elementGroup: 0
    m_TextureGroup: 4
  - m_Indexes: 7d0000007f0000007c0000007d0000007e0000007f000000
    m_SmoothingGroup: 0
    m_Uv:
      m_UseWorldSpace: 0
      m_FlipU: 0
      m_FlipV: 0
      m_SwapUV: 0
      m_Fill: 1
      m_Scale: {x: 1, y: 1}
      m_Offset: {x: 0, y: 0}
      m_Rotation: 0
      m_Anchor: 9
    m_Material: {fileID: 2100000, guid: 31321ba15b8f8eb4c954353edc038b1d, type: 2}
    m_SubmeshIndex: 0
    m_ManualUV: 0
    elementGroup: 0
    m_TextureGroup: 4
  - m_Indexes: 800000008200000083000000800000008100000082000000
    m_SmoothingGroup: 0
    m_Uv:
      m_UseWorldSpace: 0
      m_FlipU: 0
      m_FlipV: 0
      m_SwapUV: 0
      m_Fill: 1
      m_Scale: {x: 1, y: 1}
      m_Offset: {x: 0, y: 0}
      m_Rotation: 0
      m_Anchor: 9
    m_Material: {fileID: 2100000, guid: 31321ba15b8f8eb4c954353edc038b1d, type: 2}
    m_SubmeshIndex: 0
    m_ManualUV: 0
    elementGroup: 0
    m_TextureGroup: 4
  - m_Indexes: 840000008500000086000000840000008600000088000000860000008700000088000000
    m_SmoothingGroup: 0
    m_Uv:
      m_UseWorldSpace: 0
      m_FlipU: 0
      m_FlipV: 0
      m_SwapUV: 0
      m_Fill: 1
      m_Scale: {x: 1, y: 1}
      m_Offset: {x: 0, y: 0}
      m_Rotation: 0
      m_Anchor: 9
    m_Material: {fileID: 2100000, guid: 31321ba15b8f8eb4c954353edc038b1d, type: 2}
    m_SubmeshIndex: 2
    m_ManualUV: 0
    elementGroup: 0
    m_TextureGroup: -1
  - m_Indexes: 890000008a0000008b000000890000008b0000008d0000008b0000008c0000008d000000
    m_SmoothingGroup: 0
    m_Uv:
      m_UseWorldSpace: 0
      m_FlipU: 0
      m_FlipV: 0
      m_SwapUV: 0
      m_Fill: 1
      m_Scale: {x: 1, y: 1}
      m_Offset: {x: 0, y: 0}
      m_Rotation: 0
      m_Anchor: 9
    m_Material: {fileID: 2100000, guid: 31321ba15b8f8eb4c954353edc038b1d, type: 2}
    m_SubmeshIndex: 2
    m_ManualUV: 0
    elementGroup: 0
    m_TextureGroup: 5
  - m_Indexes: 8f00000090000000910000008f000000910000008e00000091000000920000008e000000
    m_SmoothingGroup: 0
    m_Uv:
      m_UseWorldSpace: 0
      m_FlipU: 0
      m_FlipV: 0
      m_SwapUV: 0
      m_Fill: 1
      m_Scale: {x: 1, y: 1}
      m_Offset: {x: 0, y: 0}
      m_Rotation: 0
      m_Anchor: 9
    m_Material: {fileID: 2100000, guid: 31321ba15b8f8eb4c954353edc038b1d, type: 2}
    m_SubmeshIndex: 0
    m_ManualUV: 0
    elementGroup: 0
    m_TextureGroup: 6
  - m_Indexes: 940000009500000096000000940000009600000093000000960000009700000093000000
    m_SmoothingGroup: 0
    m_Uv:
      m_UseWorldSpace: 0
      m_FlipU: 0
      m_FlipV: 0
      m_SwapUV: 0
      m_Fill: 1
      m_Scale: {x: 1, y: 1}
      m_Offset: {x: 0, y: 0}
      m_Rotation: 0
      m_Anchor: 9
    m_Material: {fileID: 2100000, guid: 31321ba15b8f8eb4c954353edc038b1d, type: 2}
    m_SubmeshIndex: 0
    m_ManualUV: 0
    elementGroup: 0
    m_TextureGroup: 6
  - m_Indexes: 98000000990000009a000000990000009b0000009a000000
    m_SmoothingGroup: 0
    m_Uv:
      m_UseWorldSpace: 0
      m_FlipU: 0
      m_FlipV: 0
      m_SwapUV: 0
      m_Fill: 1
      m_Scale: {x: 1, y: 1}
      m_Offset: {x: 0, y: 0}
      m_Rotation: 0
      m_Anchor: 9
    m_Material: {fileID: 0}
    m_SubmeshIndex: 0
    m_ManualUV: 0
    elementGroup: -1
    m_TextureGroup: -1
  - m_Indexes: 9c0000009d0000009e0000009d0000009f0000009e000000
    m_SmoothingGroup: 0
    m_Uv:
      m_UseWorldSpace: 0
      m_FlipU: 0
      m_FlipV: 0
      m_SwapUV: 0
      m_Fill: 1
      m_Scale: {x: 1, y: 1}
      m_Offset: {x: 0, y: 0}
      m_Rotation: 0
      m_Anchor: 9
    m_Material: {fileID: 0}
    m_SubmeshIndex: 0
    m_ManualUV: 0
    elementGroup: -1
    m_TextureGroup: -1
  - m_Indexes: a0000000a1000000a2000000a1000000a3000000a2000000
    m_SmoothingGroup: 0
    m_Uv:
      m_UseWorldSpace: 0
      m_FlipU: 0
      m_FlipV: 0
      m_SwapUV: 0
      m_Fill: 1
      m_Scale: {x: 1, y: 1}
      m_Offset: {x: 0, y: 0}
      m_Rotation: 0
      m_Anchor: 9
    m_Material: {fileID: 0}
    m_SubmeshIndex: 0
    m_ManualUV: 0
    elementGroup: -1
    m_TextureGroup: -1
  - m_Indexes: a4000000a5000000a6000000a5000000a7000000a6000000
    m_SmoothingGroup: 0
    m_Uv:
      m_UseWorldSpace: 0
      m_FlipU: 0
      m_FlipV: 0
      m_SwapUV: 0
      m_Fill: 1
      m_Scale: {x: 1, y: 1}
      m_Offset: {x: 0, y: 0}
      m_Rotation: 0
      m_Anchor: 9
    m_Material: {fileID: 0}
    m_SubmeshIndex: 0
    m_ManualUV: 0
    elementGroup: -1
    m_TextureGroup: -1
  - m_Indexes: a8000000a9000000aa000000a9000000ab000000aa000000
    m_SmoothingGroup: 0
    m_Uv:
      m_UseWorldSpace: 0
      m_FlipU: 0
      m_FlipV: 0
      m_SwapUV: 0
      m_Fill: 1
      m_Scale: {x: 1, y: 1}
      m_Offset: {x: 0, y: 0}
      m_Rotation: 0
      m_Anchor: 9
    m_Material: {fileID: 0}
    m_SubmeshIndex: 0
    m_ManualUV: 0
    elementGroup: -1
    m_TextureGroup: -1
  - m_Indexes: ac000000ad000000ae000000ad000000af000000ae000000
    m_SmoothingGroup: 0
    m_Uv:
      m_UseWorldSpace: 0
      m_FlipU: 0
      m_FlipV: 0
      m_SwapUV: 0
      m_Fill: 1
      m_Scale: {x: 1, y: 1}
      m_Offset: {x: 0, y: 0}
      m_Rotation: 0
      m_Anchor: 9
    m_Material: {fileID: 0}
    m_SubmeshIndex: 0
    m_ManualUV: 0
    elementGroup: -1
    m_TextureGroup: -1
  - m_Indexes: b0000000b1000000b2000000b1000000b3000000b2000000
    m_SmoothingGroup: 0
    m_Uv:
      m_UseWorldSpace: 0
      m_FlipU: 0
      m_FlipV: 0
      m_SwapUV: 0
      m_Fill: 1
      m_Scale: {x: 1, y: 1}
      m_Offset: {x: 0, y: 0}
      m_Rotation: 0
      m_Anchor: 9
    m_Material: {fileID: 0}
    m_SubmeshIndex: 0
    m_ManualUV: 0
    elementGroup: -1
    m_TextureGroup: -1
  - m_Indexes: b4000000b5000000b6000000b5000000b7000000b6000000
    m_SmoothingGroup: 0
    m_Uv:
      m_UseWorldSpace: 0
      m_FlipU: 0
      m_FlipV: 0
      m_SwapUV: 0
      m_Fill: 1
      m_Scale: {x: 1, y: 1}
      m_Offset: {x: 0, y: 0}
      m_Rotation: 0
      m_Anchor: 9
    m_Material: {fileID: 0}
    m_SubmeshIndex: 0
    m_ManualUV: 0
    elementGroup: -1
    m_TextureGroup: -1
  - m_Indexes: b8000000b9000000ba000000b9000000bb000000ba000000
    m_SmoothingGroup: 0
    m_Uv:
      m_UseWorldSpace: 0
      m_FlipU: 0
      m_FlipV: 0
      m_SwapUV: 0
      m_Fill: 1
      m_Scale: {x: 1, y: 1}
      m_Offset: {x: 0, y: 0}
      m_Rotation: 0
      m_Anchor: 9
    m_Material: {fileID: 0}
    m_SubmeshIndex: 0
    m_ManualUV: 0
    elementGroup: -1
    m_TextureGroup: -1
  - m_Indexes: bc000000bd000000be000000bd000000bf000000be000000
    m_SmoothingGroup: 0
    m_Uv:
      m_UseWorldSpace: 0
      m_FlipU: 0
      m_FlipV: 0
      m_SwapUV: 0
      m_Fill: 1
      m_Scale: {x: 1, y: 1}
      m_Offset: {x: 0, y: 0}
      m_Rotation: 0
      m_Anchor: 9
    m_Material: {fileID: 0}
    m_SubmeshIndex: 0
    m_ManualUV: 0
    elementGroup: -1
    m_TextureGroup: -1
  - m_Indexes: c0000000c1000000c2000000c1000000c3000000c2000000
    m_SmoothingGroup: 0
    m_Uv:
      m_UseWorldSpace: 0
      m_FlipU: 0
      m_FlipV: 0
      m_SwapUV: 0
      m_Fill: 1
      m_Scale: {x: 1, y: 1}
      m_Offset: {x: 0, y: 0}
      m_Rotation: 0
      m_Anchor: 9
    m_Material: {fileID: 0}
    m_SubmeshIndex: 0
    m_ManualUV: 0
    elementGroup: -1
    m_TextureGroup: -1
  - m_Indexes: c4000000c5000000c6000000c5000000c7000000c6000000
    m_SmoothingGroup: 0
    m_Uv:
      m_UseWorldSpace: 0
      m_FlipU: 0
      m_FlipV: 0
      m_SwapUV: 0
      m_Fill: 1
      m_Scale: {x: 1, y: 1}
      m_Offset: {x: 0, y: 0}
      m_Rotation: 0
      m_Anchor: 9
    m_Material: {fileID: 0}
    m_SubmeshIndex: 0
    m_ManualUV: 0
    elementGroup: -1
    m_TextureGroup: -1
  - m_Indexes: c8000000c9000000ca000000c9000000cb000000ca000000
    m_SmoothingGroup: 0
    m_Uv:
      m_UseWorldSpace: 0
      m_FlipU: 0
      m_FlipV: 0
      m_SwapUV: 0
      m_Fill: 1
      m_Scale: {x: 1, y: 1}
      m_Offset: {x: 0, y: 0}
      m_Rotation: 0
      m_Anchor: 9
    m_Material: {fileID: 0}
    m_SubmeshIndex: 0
    m_ManualUV: 0
    elementGroup: -1
    m_TextureGroup: -1
  - m_Indexes: cc000000cd000000ce000000cd000000cf000000ce000000
    m_SmoothingGroup: 0
    m_Uv:
      m_UseWorldSpace: 0
      m_FlipU: 0
      m_FlipV: 0
      m_SwapUV: 0
      m_Fill: 1
      m_Scale: {x: 1, y: 1}
      m_Offset: {x: 0, y: 0}
      m_Rotation: 0
      m_Anchor: 9
    m_Material: {fileID: 0}
    m_SubmeshIndex: 0
    m_ManualUV: 0
    elementGroup: -1
    m_TextureGroup: -1
  - m_Indexes: d0000000d1000000d2000000d1000000d3000000d2000000
    m_SmoothingGroup: 0
    m_Uv:
      m_UseWorldSpace: 0
      m_FlipU: 0
      m_FlipV: 0
      m_SwapUV: 0
      m_Fill: 1
      m_Scale: {x: 1, y: 1}
      m_Offset: {x: 0, y: 0}
      m_Rotation: 0
      m_Anchor: 9
    m_Material: {fileID: 0}
    m_SubmeshIndex: 0
    m_ManualUV: 0
    elementGroup: -1
    m_TextureGroup: -1
  - m_Indexes: d4000000d5000000d6000000d5000000d7000000d6000000
    m_SmoothingGroup: 0
    m_Uv:
      m_UseWorldSpace: 0
      m_FlipU: 0
      m_FlipV: 0
      m_SwapUV: 0
      m_Fill: 1
      m_Scale: {x: 1, y: 1}
      m_Offset: {x: 0, y: 0}
      m_Rotation: 0
      m_Anchor: 9
    m_Material: {fileID: 0}
    m_SubmeshIndex: 0
    m_ManualUV: 0
    elementGroup: -1
    m_TextureGroup: -1
  - m_Indexes: d8000000d9000000da000000d9000000db000000da000000
    m_SmoothingGroup: 0
    m_Uv:
      m_UseWorldSpace: 0
      m_FlipU: 0
      m_FlipV: 0
      m_SwapUV: 0
      m_Fill: 1
      m_Scale: {x: 1, y: 1}
      m_Offset: {x: 0, y: 0}
      m_Rotation: 0
      m_Anchor: 9
    m_Material: {fileID: 0}
    m_SubmeshIndex: 0
    m_ManualUV: 0
    elementGroup: -1
    m_TextureGroup: -1
  - m_Indexes: dc000000dd000000de000000dd000000df000000de000000
    m_SmoothingGroup: 0
    m_Uv:
      m_UseWorldSpace: 0
      m_FlipU: 0
      m_FlipV: 0
      m_SwapUV: 0
      m_Fill: 1
      m_Scale: {x: 1, y: 1}
      m_Offset: {x: 0, y: 0}
      m_Rotation: 0
      m_Anchor: 9
    m_Material: {fileID: 0}
    m_SubmeshIndex: 0
    m_ManualUV: 0
    elementGroup: -1
    m_TextureGroup: -1
  - m_Indexes: e0000000e1000000e2000000e1000000e3000000e2000000
    m_SmoothingGroup: 0
    m_Uv:
      m_UseWorldSpace: 0
      m_FlipU: 0
      m_FlipV: 0
      m_SwapUV: 0
      m_Fill: 1
      m_Scale: {x: 1, y: 1}
      m_Offset: {x: 0, y: 0}
      m_Rotation: 0
      m_Anchor: 9
    m_Material: {fileID: 0}
    m_SubmeshIndex: 0
    m_ManualUV: 0
    elementGroup: -1
    m_TextureGroup: -1
  m_SharedVertices:
  - m_Vertices: 000000002e0000003100000094000000
  - m_Vertices: 01000000080000002d000000
  - m_Vertices: 02000000040000000b00000016000000
  - m_Vertices: 03000000070000003200000036000000
  - m_Vertices: 0500000015000000c8000000d5000000
  - m_Vertices: 21000000ca000000d7000000
  - m_Vertices: 0600000037000000d1000000d4000000
  - m_Vertices: 2000000088000000d3000000d6000000
  - m_Vertices: 090000000c0000002a0000002c000000
  - m_Vertices: 0a0000000f0000001300000017000000
  - m_Vertices: 0d0000001800000029000000
  - m_Vertices: 0e000000100000001b0000001e000000
  - m_Vertices: 110000001d000000d8000000e1000000
  - m_Vertices: 25000000da000000e3000000
  - m_Vertices: 1200000014000000c9000000e0000000
  - m_Vertices: 2200000024000000cb000000e2000000
  - m_Vertices: 19000000280000003e0000008e000000
  - m_Vertices: 1a0000001f0000003d00000043000000
  - m_Vertices: 1c0000004200000089000000d9000000dc000000
  - m_Vertices: 26000000db000000de000000
  - m_Vertices: 230000002700000084000000c2000000df000000
  - m_Vertices: 8d000000c0000000dd000000
  - m_Vertices: 2b0000002f0000008f00000093000000
  - m_Vertices: 300000005400000095000000
  - m_Vertices: 33000000350000005900000064000000
  - m_Vertices: 340000005500000058000000
  - m_Vertices: 3800000069000000cd000000d0000000
  - m_Vertices: 87000000cf000000d2000000
  - m_Vertices: 390000006500000068000000
  - m_Vertices: 3a0000005100000092000000
  - m_Vertices: 3b0000004e00000050000000
  - m_Vertices: 3c0000003f0000004d00000081000000
  - m_Vertices: 400000007e00000080000000
  - m_Vertices: 410000007d0000008a000000
  - m_Vertices: 4400000061000000b2000000b7000000
  - m_Vertices: 9000000097000000b0000000b5000000
  - m_Vertices: 45000000480000005e00000060000000
  - m_Vertices: 460000004b000000ab000000ae000000
  - m_Vertices: 4f00000053000000a9000000ac000000
  - m_Vertices: 47000000af000000b6000000
  - m_Vertices: 5200000091000000ad000000b4000000
  - m_Vertices: 490000005d0000007100000074000000
  - m_Vertices: 4a00000077000000a7000000aa000000
  - m_Vertices: 4c00000082000000a5000000a8000000
  - m_Vertices: 560000005b000000b9000000bc000000
  - m_Vertices: 5f00000063000000bb000000be000000
  - m_Vertices: 5700000096000000b1000000b8000000
  - m_Vertices: 62000000b3000000ba000000
  - m_Vertices: 5a0000006700000098000000bd000000
  - m_Vertices: 5c000000720000009a000000bf000000
  - m_Vertices: 660000006b0000006f000000990000009c000000
  - m_Vertices: 730000009b0000009e000000
  - m_Vertices: 6a0000006c000000c5000000cc000000
  - m_Vertices: 86000000c7000000ce000000
  - m_Vertices: 6d000000790000008c000000c1000000c4000000
  - m_Vertices: 85000000c3000000c6000000
  - m_Vertices: 6e000000780000009d000000a0000000
  - m_Vertices: 70000000750000009f000000a2000000
  - m_Vertices: 76000000a3000000a6000000
  - m_Vertices: 7b0000007f00000083000000a1000000a4000000
  - m_Vertices: 7a0000007c0000008b000000
  m_SharedTextures: []
  m_Positions:
  - {x: 1, y: 0, z: 0}
  - {x: 2, y: 0, z: 0}
  - {x: 2, y: 1.5, z: 0}
  - {x: 1, y: 1.5, z: 0}
  - {x: 2, y: 1.5, z: 0}
  - {x: 2, y: 3, z: 0}
  - {x: 1, y: 3, z: 0}
  - {x: 1, y: 1.5, z: 0}
  - {x: 2, y: 0, z: 0}
  - {x: 2, y: 0, z: -1}
  - {x: 2, y: 1.5, z: -1}
  - {x: 2, y: 1.5, z: 0}
  - {x: 2, y: 0, z: -1}
  - {x: 2, y: 0, z: -2}
  - {x: 2, y: 1.5, z: -2}
  - {x: 2, y: 1.5, z: -1}
  - {x: 2, y: 1.5, z: -2}
  - {x: 2, y: 3, z: -2}
  - {x: 2, y: 3, z: -1}
  - {x: 2, y: 1.5, z: -1}
  - {x: 2, y: 3, z: -1}
  - {x: 2, y: 3, z: 0}
  - {x: 2, y: 1.5, z: 0}
  - {x: 2, y: 1.5, z: -1}
  - {x: 2, y: 0, z: -2}
  - {x: 1, y: 0, z: -2}
  - {x: 1, y: 1.5, z: -2}
  - {x: 2, y: 1.5, z: -2}
  - {x: 1, y: 3, z: -2}
  - {x: 2, y: 3, z: -2}
  - {x: 2, y: 1.5, z: -2}
  - {x: 1, y: 1.5, z: -2}
  - {x: 0.99152374, y: 3.0001, z: -0.002851963}
  - {x: 1.9915085, y: 3.0001, z: 0.0028038025}
  - {x: 1.9971638, y: 3.0001, z: -0.99718}
  - {x: 0.99718, y: 3.0001, z: -1.0028358}
  - {x: 1.9971638, y: 3.0001, z: -0.99718}
  - {x: 2.00282, y: 3.0001, z: -1.9971642}
  - {x: 1.0028362, y: 3.0001, z: -2.00282}
  - {x: 0.99718, y: 3.0001, z: -1.0028358}
  - {x: 1, y: 0, z: -2}
  - {x: 2, y: 0, z: -2}
  - {x: 2, y: 0, z: -1}
  - {x: 1, y: 0, z: -1}
  - {x: 2, y: 0, z: -1}
  - {x: 2, y: 0, z: 0}
  - {x: 1, y: 0, z: 0}
  - {x: 1, y: 0, z: -1}
  - {x: 0, y: 0, z: 0}
  - {x: 1, y: 0, z: 0}
  - {x: 1, y: 1.5, z: 0}
  - {x: 0, y: 1.5, z: 0}
  - {x: 0, y: 0.75, z: 0}
  - {x: 0, y: 1.5, z: 0}
  - {x: 1, y: 1.5, z: 0}
  - {x: 1, y: 3, z: 0}
  - {x: 0, y: 3, z: 0}
  - {x: 0, y: 2.25, z: 0}
  - {x: 0, y: 0, z: -2}
  - {x: 0, y: 0.75, z: -2}
  - {x: 0, y: 1.5, z: -2}
  - {x: 1, y: 1.5, z: -2}
  - {x: 1, y: 0, z: -2}
  - {x: 0, y: 1.5, z: -2}
  - {x: 0, y: 2.25, z: -2}
  - {x: 0, y: 3, z: -2}
  - {x: 1, y: 3, z: -2}
  - {x: 1, y: 1.5, z: -2}
  - {x: 1.9204206, y: 0, z: -0.99999905}
  - {x: 1.9204206, y: 0.75, z: -0.99999905}
  - {x: 1.9204216, y: 0.75, z: -1.6824317}
  - {x: 1.9204216, y: 0, z: -1.6824317}
  - {x: 1.9204206, y: 0.75, z: -0.99999905}
  - {x: 1.9204206, y: 1.5, z: -0.99999905}
  - {x: 1.9204216, y: 1.5, z: -1.6824317}
  - {x: 1.9204216, y: 0.75, z: -1.6824317}
  - {x: 0, y: 1.5, z: -1.6824327}
  - {x: 0, y: 1.5, z: -2}
  - {x: 0, y: 0.75, z: -2}
  - {x: 0, y: 0.75, z: -1.6824327}
  - {x: 0, y: 0.75, z: -2}
  - {x: 0, y: 0, z: -2}
  - {x: 0, y: 0, z: -1.6824327}
  - {x: 0, y: 0.75, z: -1.6824327}
  - {x: 0, y: 0, z: 0}
  - {x: 0, y: 0.75, z: 0}
  - {x: 0, y: 0.75, z: -0.29969597}
  - {x: 0, y: 0, z: -0.29969597}
  - {x: 0, y: 0.75, z: 0}
  - {x: 0, y: 1.5, z: 0}
  - {x: 0, y: 1.5, z: -0.29969597}
  - {x: 0, y: 0.75, z: -0.29969597}
  - {x: 1.9204206, y: 1.5, z: -0.29969501}
  - {x: 1.9204206, y: 1.5, z: -0.99999905}
  - {x: 1.9204206, y: 0.75, z: -0.99999905}
  - {x: 1.9204206, y: 0.75, z: -0.29969501}
  - {x: 1.9204206, y: 0.75, z: -0.99999905}
  - {x: 1.9204206, y: 0, z: -0.99999905}
  - {x: 1.9204206, y: 0, z: -0.29969501}
  - {x: 1.9204206, y: 0.75, z: -0.29969501}
  - {x: 0, y: 1.5, z: 0}
  - {x: 0, y: 2.25, z: 0}
  - {x: 0, y: 2.7261093, z: -0.29969597}
  - {x: 0, y: 1.5, z: -0.29969597}
  - {x: 0, y: 2.25, z: 0}
  - {x: 0, y: 3, z: 0}
  - {x: 0, y: 3, z: -0.5}
  - {x: 0, y: 2.7261093, z: -0.29969597}
  - {x: 0, y: 3, z: -0.5}
  - {x: 0, y: 3, z: -1}
  - {x: 0, y: 2.7261093, z: -1.0000005}
  - {x: 0, y: 2.7261093, z: -0.29969597}
  - {x: 1.9204206, y: 2.7261093, z: -0.9999995}
  - {x: 1.9204206, y: 1.5, z: -0.99999905}
  - {x: 1.9204206, y: 1.5, z: -0.29969501}
  - {x: 1.9204206, y: 2.7261093, z: -0.29969501}
  - {x: 1.9204206, y: 1.5, z: -0.99999905}
  - {x: 1.9204206, y: 2.7261093, z: -0.9999995}
  - {x: 1.9204216, y: 2.7261093, z: -1.6824322}
  - {x: 1.9204216, y: 1.5, z: -1.6824317}
  - {x: 0, y: 2.7261093, z: -1.0000005}
  - {x: 0, y: 3, z: -1}
  - {x: 0, y: 3, z: -1.5}
  - {x: 0, y: 2.7261093, z: -1.6824331}
  - {x: 0, y: 3, z: -1.5}
  - {x: 0, y: 3, z: -2}
  - {x: 0, y: 2.25, z: -2}
  - {x: 0, y: 2.7261093, z: -1.6824331}
  - {x: 0, y: 2.25, z: -2}
  - {x: 0, y: 1.5, z: -2}
  - {x: 0, y: 1.5, z: -1.6824327}
  - {x: 0, y: 2.7261093, z: -1.6824331}
  - {x: 0.99718, y: 3.0001, z: -1.0028358}
  - {x: -0.0028038025, y: 3.0001, z: -1.008492}
  - {x: -0.005631447, y: 3.0001, z: -0.5084996}
  - {x: -0.008460045, y: 3.0001, z: -0.008507729}
  - {x: 0.99152374, y: 3.0001, z: -0.002851963}
  - {x: 1, y: 3, z: -2}
  - {x: 0, y: 3, z: -2}
  - {x: 0, y: 3, z: -1.5}
  - {x: 0, y: 3, z: -1}
  - {x: 1, y: 3, z: -1}
  - {x: 1, y: 0, z: -2}
  - {x: 1, y: 0, z: -1}
  - {x: 0, y: 0, z: -1}
  - {x: 0, y: 0, z: -1.6824327}
  - {x: 0, y: 0, z: -2}
  - {x: 1, y: 0, z: -1}
  - {x: 1, y: 0, z: 0}
  - {x: 0, y: 0, z: 0}
  - {x: 0, y: 0, z: -0.29969597}
  - {x: 0, y: 0, z: -1}
  - {x: 0, y: 1.5, z: -0.29969597}
  - {x: 0, y: 2.7261093, z: -0.29969597}
  - {x: 1.9204206, y: 1.5, z: -0.29969501}
  - {x: 1.9204206, y: 2.7261093, z: -0.29969501}
  - {x: 0, y: 2.7261093, z: -0.29969597}
  - {x: 0, y: 2.7261093, z: -1.0000005}
  - {x: 1.9204206, y: 2.7261093, z: -0.29969501}
  - {x: 1.9204206, y: 2.7261093, z: -0.9999995}
  - {x: 0, y: 2.7261093, z: -1.0000005}
  - {x: 0, y: 2.7261093, z: -1.6824331}
  - {x: 1.9204206, y: 2.7261093, z: -0.9999995}
  - {x: 1.9204216, y: 2.7261093, z: -1.6824322}
  - {x: 0, y: 2.7261093, z: -1.6824331}
  - {x: 0, y: 1.5, z: -1.6824327}
  - {x: 1.9204216, y: 2.7261093, z: -1.6824322}
  - {x: 1.9204216, y: 1.5, z: -1.6824317}
  - {x: 0, y: 1.5, z: -1.6824327}
  - {x: 0, y: 0.75, z: -1.6824327}
  - {x: 1.9204216, y: 1.5, z: -1.6824317}
  - {x: 1.9204216, y: 0.75, z: -1.6824317}
  - {x: 0, y: 0.75, z: -1.6824327}
  - {x: 0, y: 0, z: -1.6824327}
  - {x: 1.9204216, y: 0.75, z: -1.6824317}
  - {x: 1.9204216, y: 0, z: -1.6824317}
  - {x: 0, y: 0, z: -1}
  - {x: 0, y: 0, z: -0.29969597}
  - {x: 1.9204206, y: 0, z: -0.99999905}
  - {x: 1.9204206, y: 0, z: -0.29969501}
  - {x: 0, y: 0, z: -1.6824327}
  - {x: 0, y: 0, z: -1}
  - {x: 1.9204216, y: 0, z: -1.6824317}
  - {x: 1.9204206, y: 0, z: -0.99999905}
  - {x: 0, y: 0, z: -0.29969597}
  - {x: 0, y: 0.75, z: -0.29969597}
  - {x: 1.9204206, y: 0, z: -0.29969501}
  - {x: 1.9204206, y: 0.75, z: -0.29969501}
  - {x: 0, y: 0.75, z: -0.29969597}
  - {x: 0, y: 1.5, z: -0.29969597}
  - {x: 1.9204206, y: 0.75, z: -0.29969501}
  - {x: 1.9204206, y: 1.5, z: -0.29969501}
  - {x: 1, y: 3, z: -1}
  - {x: 0, y: 3, z: -1}
  - {x: 0.99718, y: 3.0001, z: -1.0028358}
  - {x: -0.0028038025, y: 3.0001, z: -1.008492}
  - {x: 0, y: 3, z: -1}
  - {x: 0, y: 3, z: -0.5}
  - {x: -0.0028038025, y: 3.0001, z: -1.008492}
  - {x: -0.005631447, y: 3.0001, z: -0.5084996}
  - {x: 2, y: 3, z: 0}
  - {x: 2, y: 3, z: -1}
  - {x: 1.9915085, y: 3.0001, z: 0.0028038025}
  - {x: 1.9971638, y: 3.0001, z: -0.99718}
  - {x: 0, y: 3, z: -0.5}
  - {x: 0, y: 3, z: 0}
  - {x: -0.005631447, y: 3.0001, z: -0.5084996}
  - {x: -0.008460045, y: 3.0001, z: -0.008507729}
  - {x: 0, y: 3, z: 0}
  - {x: 1, y: 3, z: 0}
  - {x: -0.008460045, y: 3.0001, z: -0.008507729}
  - {x: 0.99152374, y: 3.0001, z: -0.002851963}
  - {x: 1, y: 3, z: 0}
  - {x: 2, y: 3, z: 0}
  - {x: 0.99152374, y: 3.0001, z: -0.002851963}
  - {x: 1.9915085, y: 3.0001, z: 0.0028038025}
  - {x: 2, y: 3, z: -2}
  - {x: 1, y: 3, z: -2}
  - {x: 2.00282, y: 3.0001, z: -1.9971642}
  - {x: 1.0028362, y: 3.0001, z: -2.00282}
  - {x: 1, y: 3, z: -2}
  - {x: 1, y: 3, z: -1}
  - {x: 1.0028362, y: 3.0001, z: -2.00282}
  - {x: 0.99718, y: 3.0001, z: -1.0028358}
  - {x: 2, y: 3, z: -1}
  - {x: 2, y: 3, z: -2}
  - {x: 1.9971638, y: 3.0001, z: -0.99718}
  - {x: 2.00282, y: 3.0001, z: -1.9971642}
  m_Textures0:
  - {x: -1, y: 0}
  - {x: -2, y: 0}
  - {x: -2, y: 1.5}
  - {x: -1, y: 1.5}
  - {x: -2, y: 1.5}
  - {x: -2, y: 3}
  - {x: -1, y: 3}
  - {x: -1, y: 1.5}
  - {x: 0, y: 0}
  - {x: -1, y: 0}
  - {x: -1, y: 1.5}
  - {x: 0, y: 1.5}
  - {x: -1, y: 0}
  - {x: -2, y: 0}
  - {x: -2, y: 1.5}
  - {x: -1, y: 1.5}
  - {x: -2, y: 1.5}
  - {x: -2, y: 3}
  - {x: -1, y: 3}
  - {x: -1, y: 1.5}
  - {x: -1, y: 3}
  - {x: 0, y: 3}
  - {x: 0, y: 1.5}
  - {x: -1, y: 1.5}
  - {x: 2, y: 0}
  - {x: 1, y: 0}
  - {x: 1, y: 1.5}
  - {x: 2, y: 1.5}
  - {x: 1, y: 3}
  - {x: 2, y: 3}
  - {x: 2, y: 1.5}
  - {x: 1, y: 1.5}
  - {x: 0.99152374, y: -0.002851963}
  - {x: 1.9915085, y: 0.0028038025}
  - {x: 1.9971638, y: -0.99718}
  - {x: 0.99718, y: -1.0028358}
  - {x: 1.9971638, y: -0.99718}
  - {x: 2.00282, y: -1.9971642}
  - {x: 1.0028362, y: -2.00282}
  - {x: 0.99718, y: -1.0028358}
  - {x: -1, y: -2}
  - {x: -2, y: -2}
  - {x: -2, y: -1}
  - {x: -1, y: -1}
  - {x: -2, y: -1}
  - {x: -2, y: 0}
  - {x: -1, y: 0}
  - {x: -1, y: -1}
  - {x: 0, y: 0}
  - {x: -1, y: 0}
  - {x: -1, y: 1.5}
  - {x: 0, y: 1.5}
  - {x: 0, y: 0.75}
  - {x: 0, y: 1.5}
  - {x: -1, y: 1.5}
  - {x: -1, y: 3}
  - {x: 0, y: 3}
  - {x: 0, y: 2.25}
  - {x: 0, y: 0}
  - {x: 0, y: 0.75}
  - {x: 0, y: 1.5}
  - {x: 1, y: 1.5}
  - {x: 1, y: 0}
  - {x: 0, y: 1.5}
  - {x: 0, y: 2.25}
  - {x: 0, y: 3}
  - {x: 1, y: 3}
  - {x: 1, y: 1.5}
  - {x: 1.0000018, y: 0}
  - {x: 1.0000018, y: 0.75}
  - {x: 1.6824344, y: 0.75}
  - {x: 1.6824344, y: 0}
  - {x: 1.0000018, y: 0.75}
  - {x: 1.0000018, y: 1.5}
  - {x: 1.6824344, y: 1.5}
  - {x: 1.6824344, y: 0.75}
  - {x: 1.6824327, y: 1.5}
  - {x: 2, y: 1.5}
  - {x: 2, y: 0.75}
  - {x: 1.6824327, y: 0.75}
  - {x: 2, y: 0.75}
  - {x: 2, y: 0}
  - {x: 1.6824327, y: 0}
  - {x: 1.6824327, y: 0.75}
  - {x: 0, y: 0}
  - {x: 0, y: 0.75}
  - {x: 0.29969597, y: 0.75}
  - {x: 0.29969597, y: 0}
  - {x: 0, y: 0.75}
  - {x: 0, y: 1.5}
  - {x: 0.29969597, y: 1.5}
  - {x: 0.29969597, y: 0.75}
  - {x: 0.29969501, y: 1.5}
  - {x: 0.99999905, y: 1.5}
  - {x: 0.99999905, y: 0.75}
  - {x: 0.29969501, y: 0.75}
  - {x: 0.99999905, y: 0.75}
  - {x: 0.99999905, y: 0}
  - {x: 0.29969501, y: 0}
  - {x: 0.29969501, y: 0.75}
  - {x: 0, y: 1.5}
  - {x: 0, y: 2.25}
  - {x: 0.29969597, y: 2.7261093}
  - {x: 0.29969597, y: 1.5}
  - {x: 0, y: 2.25}
  - {x: 0, y: 3}
  - {x: 0.5, y: 3}
  - {x: 0.29969597, y: 2.7261093}
  - {x: 0.5, y: 3}
  - {x: 1, y: 3}
  - {x: 1.0000005, y: 2.7261093}
  - {x: 0.29969597, y: 2.7261093}
  - {x: 0.9999995, y: 2.7261093}
  - {x: 0.99999905, y: 1.5}
  - {x: 0.29969501, y: 1.5}
  - {x: 0.29969501, y: 2.7261093}
  - {x: 1.0000018, y: 1.5}
  - {x: 1.0000023, y: 2.7261093}
  - {x: 1.6824349, y: 2.7261093}
  - {x: 1.6824344, y: 1.5}
  - {x: 1.0000005, y: 2.7261093}
  - {x: 1, y: 3}
  - {x: 1.5, y: 3}
  - {x: 1.6824331, y: 2.7261093}
  - {x: 1.5, y: 3}
  - {x: 2, y: 3}
  - {x: 2, y: 2.25}
  - {x: 1.6824331, y: 2.7261093}
  - {x: 2, y: 2.25}
  - {x: 2, y: 1.5}
  - {x: 1.6824327, y: 1.5}
  - {x: 1.6824331, y: 2.7261093}
  - {x: 0.99718, y: -1.0028358}
  - {x: -0.0028038025, y: -1.008492}
  - {x: -0.005631447, y: -0.5084996}
  - {x: -0.008460045, y: -0.008507729}
  - {x: 0.99152374, y: -0.002851963}
  - {x: 1, y: -2}
  - {x: 0, y: -2}
  - {x: 0, y: -1.5}
  - {x: 0, y: -1}
  - {x: 1, y: -1}
  - {x: -1, y: -2}
  - {x: -1, y: -1}
  - {x: 0, y: -1}
  - {x: 0, y: -1.6824327}
  - {x: 0, y: -2}
  - {x: -1, y: -1}
  - {x: -1, y: 0}
  - {x: 0, y: 0}
  - {x: 0, y: -0.29969597}
  - {x: 0, y: -1}
  - {x: -0.00000014882801, y: 1.5}
  - {x: -0.00000014882801, y: 2.7261093}
  - {x: 1.9204205, y: 1.5}
  - {x: 1.9204205, y: 2.7261093}
  - {x: 0, y: -0.29969597}
  - {x: 0, y: -1.0000005}
  - {x: -1.9204206, y: -0.29969501}
  - {x: -1.9204206, y: -0.9999995}
  - {x: 0, y: -1.0000005}
  - {x: 0, y: -1.6824331}
  - {x: -1.9204206, y: -0.9999995}
  - {x: -1.9204216, y: -1.6824322}
  - {x: 0.00000083549014, y: 2.72611}
  - {x: 0.00000083548986, y: 1.5000006}
  - {x: -1.9204208, y: 2.72611}
  - {x: -1.9204208, y: 1.5000006}
  - {x: 0.00000083548986, y: 1.5}
  - {x: 0.00000083548986, y: 0.75}
  - {x: -1.9204208, y: 1.5}
  - {x: -1.9204208, y: 0.75}
  - {x: 0.00000083548986, y: 0.75}
  - {x: 0.00000083548986, y: 0}
  - {x: -1.9204208, y: 0.75}
  - {x: -1.9204208, y: 0}
  - {x: 0, y: -1}
  - {x: 0, y: -0.29969597}
  - {x: 1.9204206, y: -0.99999905}
  - {x: 1.9204206, y: -0.29969501}
  - {x: 0, y: -1.6824327}
  - {x: 0, y: -1}
  - {x: 1.9204216, y: -1.6824317}
  - {x: 1.9204206, y: -0.99999905}
  - {x: -0.00000014882798, y: 0}
  - {x: -0.00000014882798, y: 0.75}
  - {x: 1.9204205, y: 0}
  - {x: 1.9204205, y: 0.75}
  - {x: -0.00000014882798, y: 0.75}
  - {x: -0.00000014882798, y: 1.5}
  - {x: 1.9204205, y: 0.75}
  - {x: 1.9204205, y: 1.5}
  - {x: -1, y: -1.1049981}
  - {x: 0, y: -1.1049981}
  - {x: -0.99718, y: -1.1078357}
  - {x: 0.0028038025, y: -1.1134884}
  - {x: 0.10681998, y: -1}
  - {x: 0.10681998, y: -0.5}
  - {x: 0.10962556, y: -1.008492}
  - {x: 0.11245141, y: -0.5084996}
  - {x: 1.9645709, y: 0}
  - {x: 1.9645709, y: -1}
  - {x: 1.9560788, y: 0.0028038025}
  - {x: 1.9617337, y: -0.99718}
  - {x: 0.053209245, y: -0.5}
  - {x: 0.053209245, y: 0}
  - {x: 0.058841575, y: -0.5084996}
  - {x: 0.06166973, y: -0.008507729}
  - {x: 0, y: -0.035223447}
  - {x: 1, y: -0.035223447}
  - {x: -0.008460045, y: -0.04373176}
  - {x: 0.99152374, y: -0.038076386}
  - {x: 1, y: -0.10501838}
  - {x: 2, y: -0.10501838}
  - {x: 0.99152374, y: -0.107872084}
  - {x: 1.9915085, y: -0.10221978}
  - {x: 2, y: -1.8931422}
  - {x: 1, y: -1.8931422}
  - {x: 2.00282, y: -1.8903047}
  - {x: 1.0028362, y: -1.895957}
  - {x: 1.1049806, y: -2}
  - {x: 1.1049806, y: -1}
  - {x: 1.1078186, y: -2.00282}
  - {x: 1.1021658, y: -1.0028358}
  - {x: 1.8931603, y: -1}
  - {x: 1.8931603, y: -2}
  - {x: 1.8903223, y: -0.99718}
  - {x: 1.895975, y: -1.9971642}
  m_Textures2: []
  m_Textures3: []
  m_Tangents:
  - {x: -1, y: 0, z: 0, w: -1}
  - {x: -1, y: 0, z: 0, w: -1}
  - {x: -1, y: 0, z: 0, w: -1}
  - {x: -1, y: 0, z: 0, w: -1}
  - {x: -1, y: 0, z: 0, w: -1}
  - {x: -1, y: 0, z: 0, w: -1}
  - {x: -1, y: 0, z: 0, w: -1}
  - {x: -1, y: 0, z: 0, w: -1}
  - {x: 0, y: 0, z: 1, w: -1}
  - {x: 0, y: 0, z: 1, w: -1}
  - {x: 0, y: 0, z: 1, w: -1}
  - {x: 0, y: 0, z: 1, w: -1}
  - {x: 0, y: 0, z: 1, w: -1}
  - {x: 0, y: 0, z: 1, w: -1}
  - {x: 0, y: 0, z: 1, w: -1}
  - {x: 0, y: 0, z: 1, w: -1}
  - {x: 0, y: 0, z: 1, w: -1}
  - {x: 0, y: 0, z: 1, w: -1}
  - {x: 0, y: 0, z: 1, w: -1}
  - {x: 0, y: 0, z: 1, w: -1}
  - {x: 0, y: 0, z: 1, w: -1}
  - {x: 0, y: 0, z: 1, w: -1}
  - {x: 0, y: 0, z: 1, w: -1}
  - {x: 0, y: 0, z: 1, w: -1}
  - {x: 1, y: 0, z: 0, w: -1}
  - {x: 1, y: 0, z: 0, w: -1}
  - {x: 1, y: 0, z: 0, w: -1}
  - {x: 1, y: 0, z: 0, w: -1}
  - {x: 1, y: 0, z: 0, w: -1}
  - {x: 1, y: 0, z: 0, w: -1}
  - {x: 1, y: 0, z: 0, w: -1}
  - {x: 1, y: 0, z: 0, w: -1}
  - {x: 1, y: 0, z: 0, w: -1}
  - {x: 1, y: 0, z: 0, w: -1}
  - {x: 1, y: 0, z: 0, w: -1}
  - {x: 1, y: 0, z: 0, w: -1}
  - {x: 1, y: 0, z: 0, w: -1}
  - {x: 1, y: 0, z: 0, w: -1}
  - {x: 1, y: 0, z: 0, w: -1}
  - {x: 1, y: 0, z: 0, w: -1}
  - {x: -1, y: 0, z: 0, w: -1}
  - {x: -1, y: 0, z: 0, w: -1}
  - {x: -1, y: 0, z: 0, w: -1}
  - {x: -1, y: 0, z: 0, w: -1}
  - {x: -1, y: 0, z: 0, w: -1}
  - {x: -1, y: 0, z: 0, w: -1}
  - {x: -1, y: 0, z: 0, w: -1}
  - {x: -1, y: 0, z: 0, w: -1}
  - {x: -1, y: 0, z: 0, w: -1}
  - {x: -1, y: 0, z: 0, w: -1}
  - {x: -1, y: 0, z: 0, w: -1}
  - {x: -1, y: 0, z: 0, w: -1}
  - {x: -1, y: 0, z: 0, w: -1}
  - {x: -1, y: 0, z: 0, w: -1}
  - {x: -1, y: 0, z: 0, w: -1}
  - {x: -1, y: 0, z: 0, w: -1}
  - {x: -1, y: 0, z: 0, w: -1}
  - {x: -1, y: 0, z: 0, w: -1}
  - {x: 1, y: 0, z: 0, w: -1}
  - {x: 1, y: 0, z: 0, w: -1}
  - {x: 1, y: 0, z: 0, w: -1}
  - {x: 1, y: 0, z: 0, w: -1}
  - {x: 1, y: 0, z: 0, w: -1}
  - {x: 1, y: 0, z: 0, w: -1}
  - {x: 1, y: 0, z: 0, w: -1}
  - {x: 1, y: 0, z: 0, w: -1}
  - {x: 1, y: 0, z: 0, w: -1}
  - {x: 1, y: 0, z: 0, w: -1}
  - {x: 0.0000013974629, y: 0, z: -1, w: -1}
  - {x: 0.0000013974629, y: 0, z: -1, w: -1}
  - {x: 0.0000013974629, y: 0, z: -1, w: -1}
  - {x: 0.0000013974629, y: 0, z: -1, w: -1}
  - {x: 0.0000013974629, y: 0, z: -1, w: -1}
  - {x: 0.0000013974629, y: 0, z: -1, w: -1}
  - {x: 0.0000013974629, y: 0, z: -1, w: -1}
  - {x: 0.0000013974629, y: 0, z: -1, w: -1}
  - {x: 0, y: 0, z: -1, w: -1}
  - {x: 0, y: 0, z: -1, w: -1}
  - {x: 0, y: 0, z: -1, w: -1}
  - {x: 0, y: 0, z: -1, w: -1}
  - {x: 0, y: 0, z: -1, w: -1}
  - {x: 0, y: 0, z: -1, w: -1}
  - {x: 0, y: 0, z: -1, w: -1}
  - {x: 0, y: 0, z: -1, w: -1}
  - {x: 0, y: 0, z: -1, w: -1}
  - {x: 0, y: 0, z: -1, w: -1}
  - {x: 0, y: 0, z: -1, w: -1}
  - {x: 0, y: 0, z: -1, w: -1}
  - {x: 0, y: 0, z: -1, w: -1}
  - {x: 0, y: 0, z: -1, w: -1}
  - {x: 0, y: 0, z: -1, w: -1}
  - {x: 0, y: 0, z: -1, w: -1}
  - {x: 0, y: 0, z: -1, w: -1}
  - {x: 0, y: 0, z: -1, w: -1}
  - {x: 0, y: 0, z: -1, w: -1}
  - {x: 0, y: 0, z: -1, w: -1}
  - {x: 0, y: 0, z: -1, w: -1}
  - {x: 0, y: 0, z: -1, w: -1}
  - {x: 0, y: 0, z: -1, w: -1}
  - {x: 0, y: 0, z: -1, w: -1}
  - {x: 0, y: 0, z: -1, w: -1}
  - {x: 0, y: 0, z: -1, w: -1}
  - {x: 0, y: 0, z: -1, w: -1}
  - {x: 0, y: 0, z: -1, w: -1}
  - {x: 0, y: 0, z: -1, w: 1}
  - {x: 0, y: 0, z: -1, w: -1}
  - {x: 0, y: 0, z: -1, w: 1}
  - {x: 0, y: 0, z: -1, w: 1}
  - {x: 0, y: 0, z: -1, w: -1}
  - {x: 0, y: 0, z: -1, w: -1}
  - {x: 0, y: 0, z: -1, w: -1}
  - {x: 0, y: 0, z: -1, w: -1}
  - {x: 0, y: 0, z: -1, w: -1}
  - {x: 0, y: 0, z: -1, w: -1}
  - {x: 0, y: 0, z: -1, w: -1}
  - {x: 0, y: 0, z: -1, w: -1}
  - {x: 0.0000013974629, y: 0, z: -1, w: -1}
  - {x: 0.0000013974629, y: 0, z: -1, w: -1}
  - {x: 0.0000013974629, y: 0, z: -1, w: -1}
  - {x: 0.0000013974629, y: 0, z: -1, w: -1}
  - {x: 0, y: 0, z: -1, w: -1}
  - {x: 0, y: 0, z: -1, w: -1}
  - {x: 0, y: 0, z: -1, w: -1}
  - {x: 0, y: 0, z: -1, w: -1}
  - {x: 0, y: 0, z: -1, w: -1}
  - {x: 0, y: 0, z: -1, w: -1}
  - {x: 0, y: 0, z: -1, w: -1}
  - {x: 0, y: 0, z: -1, w: -1}
  - {x: 0, y: 0, z: -1, w: -1}
  - {x: 0, y: 0, z: -1, w: -1}
  - {x: 0, y: 0, z: -1, w: -1}
  - {x: 0, y: 0, z: -1, w: -1}
  - {x: 1, y: 0, z: 0, w: -1}
  - {x: 1, y: 0, z: 0, w: -1}
  - {x: 1, y: 0, z: 0, w: -1}
  - {x: 1, y: 0, z: 0, w: -1}
  - {x: 1, y: 0, z: 0, w: -1}
  - {x: 1, y: 0, z: 0, w: -1}
  - {x: 1, y: 0, z: 0, w: -1}
  - {x: 1, y: 0, z: 0, w: -1}
  - {x: 1, y: 0, z: 0, w: -1}
  - {x: 1, y: 0, z: 0, w: -1}
  - {x: -1, y: 0, z: 0, w: -1}
  - {x: -1, y: 0, z: 0, w: -1}
  - {x: -1, y: 0, z: 0, w: -1}
  - {x: -1, y: 0, z: 0, w: -1}
  - {x: -1, y: 0, z: 0, w: -1}
  - {x: -1, y: 0, z: 0, w: -1}
  - {x: -1, y: 0, z: 0, w: -1}
  - {x: -1, y: 0, z: 0, w: -1}
  - {x: -1, y: 0, z: 0, w: -1}
  - {x: -1, y: 0, z: 0, w: -1}
  - {x: 1, y: 0, z: 0.0000004965966, w: -1}
  - {x: 1, y: 0, z: 0.0000004965966, w: -1}
  - {x: 1, y: 0, z: 0.0000004965966, w: -1}
  - {x: 1, y: 0, z: 0.0000004965966, w: -1}
  - {x: -1, y: 0, z: 0, w: -1}
  - {x: -1, y: 0, z: 0, w: -1}
  - {x: -1, y: 0, z: 0, w: -1}
  - {x: -1, y: 0, z: 0, w: -1}
  - {x: -1, y: 0, z: 0, w: -1}
  - {x: -1, y: 0, z: 0, w: -1}
  - {x: -1, y: 0, z: 0, w: -1}
  - {x: -1, y: 0, z: 0, w: -1}
  - {x: -1, y: 0, z: -0.00000049659633, w: -1}
  - {x: -1, y: 0, z: -0.00000049659633, w: -1}
  - {x: -1, y: 0, z: -0.00000049659633, w: -1}
  - {x: -1, y: 0, z: -0.00000049659633, w: -1}
  - {x: -1, y: 0, z: -0.00000049659633, w: -1}
  - {x: -1, y: 0, z: -0.00000049659633, w: -1}
  - {x: -1, y: 0, z: -0.00000049659633, w: -1}
  - {x: -1, y: 0, z: -0.00000049659633, w: -1}
  - {x: -1, y: 0, z: -0.00000049659633, w: -1}
  - {x: -1, y: 0, z: -0.00000049659633, w: -1}
  - {x: -1, y: 0, z: -0.00000049659633, w: -1}
  - {x: -1, y: 0, z: -0.00000049659633, w: -1}
  - {x: 1, y: 0, z: 0, w: -1}
  - {x: 1, y: 0, z: 0, w: -1}
  - {x: 1, y: 0, z: 0, w: -1}
  - {x: 1, y: 0, z: 0, w: -1}
  - {x: 1, y: 0, z: 0, w: -1}
  - {x: 1, y: 0, z: 0, w: -1}
  - {x: 1, y: 0, z: 0, w: -1}
  - {x: 1, y: 0, z: 0, w: -1}
  - {x: 1, y: 0, z: 0.00000049659656, w: -1}
  - {x: 1, y: 0, z: 0.00000049659656, w: -1}
  - {x: 1, y: 0, z: 0.00000049659656, w: -1}
  - {x: 1, y: 0, z: 0.00000049659656, w: -1}
  - {x: 1, y: 0, z: 0.00000049659656, w: -1}
  - {x: 1, y: 0, z: 0.00000049659656, w: -1}
  - {x: 1, y: 0, z: 0.00000049659656, w: -1}
  - {x: 1, y: 0, z: 0.00000049659656, w: -1}
  - {x: -1, y: 0, z: 0, w: -1}
  - {x: -1, y: -0.00003331356, z: -0.00000117506, w: -1}
  - {x: -1, y: -0.00003331356, z: -0.00000117506, w: -1}
  - {x: -1, y: -0.0000666363, z: -0.0000023503358, w: -1}
  - {x: -0.99936587, y: 0.03560666, z: 0, w: -1}
  - {x: -0.99964625, y: 0.026597584, z: 3.6403863e-11, w: -1}
  - {x: -0.99964625, y: 0.026597584, z: 3.6403863e-11, w: -1}
  - {x: -0.9998454, y: 0.017586349, z: -1.8525387e-13, w: -1}
  - {x: 0.9999308, y: -0.0117635615, z: 0, w: -1}
  - {x: 0.9997219, y: -0.023582878, z: 1.7135533e-10, w: -1}
  - {x: 0.9997219, y: -0.023582878, z: 1.7135533e-10, w: -1}
  - {x: 0.9993733, y: -0.035398904, z: -7.457817e-13, w: -1}
  - {x: -0.9998427, y: 0.017736416, z: 0, w: -1}
  - {x: -0.9998914, y: 0.014738539, z: 8.969457e-13, w: -1}
  - {x: -0.9998914, y: 0.014738539, z: 8.969457e-13, w: -1}
  - {x: -0.9999311, y: 0.011740531, z: -6.1858044e-14, w: -1}
  - {x: 1, y: 0, z: 0, w: -1}
  - {x: 1, y: 0.00010069259, z: 0.0000011825193, w: -1}
  - {x: 1, y: 0.00010069259, z: 0.0000011825193, w: -1}
  - {x: 1, y: 0.00020141386, z: 0.0000023657178, w: -1}
  - {x: 1, y: 0, z: 0, w: -1}
  - {x: 0.999996, y: -0.00009917952, z: 0.0028279815, w: 1}
  - {x: 0.999996, y: -0.00009917952, z: 0.0028279815, w: 1}
  - {x: 1, y: -0.0001983631, z: -0.0000069351163, w: 1}
  - {x: 1, y: 0, z: 0, w: -1}
  - {x: 0.999996, y: 0.0000997426, z: 0.002827765, w: 1}
  - {x: 0.999996, y: 0.0000997426, z: 0.002827765, w: 1}
  - {x: 1, y: 0.00019947001, z: -0.00000703582, w: 1}
  - {x: 0.9993803, y: 0.035200097, z: 0, w: -1}
  - {x: 0.002823684, y: -0.015551145, z: -0.99987507, w: 1}
  - {x: 0.002823684, y: -0.015551145, z: -0.99987507, w: 1}
  - {x: 0.99938023, y: -0.035202235, z: 0, w: 1}
  - {x: 0.9993803, y: -0.035200097, z: 0, w: -1}
  - {x: 0.0028236723, y: 0.01581398, z: -0.99987096, w: 1}
  - {x: 0.0028236723, y: 0.01581398, z: -0.99987096, w: 1}
  - {x: 0.99938023, y: 0.035202235, z: 7.417631e-13, w: 1}
  m_Colors: []
  m_UnwrapParameters:
    m_HardAngle: 88
    m_PackMargin: 20
    m_AngleError: 8
    m_AreaError: 15
  m_PreserveMeshAssetOnDestroy: 0
  assetGuid: 
  m_Mesh: {fileID: 0}
  m_VersionIndex: 0
  m_IsSelectable: 1
  m_SelectedFaces: 
  m_SelectedEdges: []
  m_SelectedVertices: 
--- !u!23 &3122971358319552482
MeshRenderer:
  m_ObjectHideFlags: 0
  m_CorrespondingSourceObject: {fileID: 0}
  m_PrefabInstance: {fileID: 0}
  m_PrefabAsset: {fileID: 0}
  m_GameObject: {fileID: 3122971358319552494}
  m_Enabled: 1
  m_CastShadows: 1
  m_ReceiveShadows: 1
  m_DynamicOccludee: 1
  m_StaticShadowCaster: 0
  m_MotionVectors: 1
  m_LightProbeUsage: 1
  m_ReflectionProbeUsage: 1
  m_RayTracingMode: 2
  m_RayTraceProcedural: 0
  m_RenderingLayerMask: 1
  m_RendererPriority: 0
  m_Materials:
  - {fileID: 2100000, guid: 31321ba15b8f8eb4c954353edc038b1d, type: 2}
  - {fileID: 2100000, guid: f413d411ba2c1124dbd91cbd4c7d9442, type: 2}
  - {fileID: 4838807279312974448, guid: 37065e077c79e044d8ca06de995d845b, type: 3}
  m_StaticBatchInfo:
    firstSubMesh: 0
    subMeshCount: 0
  m_StaticBatchRoot: {fileID: 0}
  m_ProbeAnchor: {fileID: 0}
  m_LightProbeVolumeOverride: {fileID: 0}
  m_ScaleInLightmap: 1
  m_ReceiveGI: 1
  m_PreserveUVs: 0
  m_IgnoreNormalsForChartDetection: 0
  m_ImportantGI: 0
  m_StitchLightmapSeams: 1
  m_SelectedEditorRenderState: 2
  m_MinimumChartSize: 4
  m_AutoUVMaxDistance: 0.5
  m_AutoUVMaxAngle: 89
  m_LightmapParameters: {fileID: 0}
  m_SortingLayerID: 0
  m_SortingLayer: 0
  m_SortingOrder: 0
  m_AdditionalVertexStreams: {fileID: 0}
--- !u!33 &3122971358319552483
MeshFilter:
  m_ObjectHideFlags: 0
  m_CorrespondingSourceObject: {fileID: 0}
  m_PrefabInstance: {fileID: 0}
  m_PrefabAsset: {fileID: 0}
  m_GameObject: {fileID: 3122971358319552494}
  m_Mesh: {fileID: 0}
--- !u!65 &689876491145882593
BoxCollider:
  m_ObjectHideFlags: 0
  m_CorrespondingSourceObject: {fileID: 0}
  m_PrefabInstance: {fileID: 0}
  m_PrefabAsset: {fileID: 0}
  m_GameObject: {fileID: 3122971358319552494}
  m_Material: {fileID: 0}
  m_IsTrigger: 0
  m_Enabled: 1
  serializedVersion: 2
  m_Size: {x: 2.01128, y: 3.0001, z: 2.0056238}
  m_Center: {x: 0.99718, y: 1.50005, z: -1.0000081}
--- !u!1 &3122971358362186556
GameObject:
  m_ObjectHideFlags: 0
  m_CorrespondingSourceObject: {fileID: 0}
  m_PrefabInstance: {fileID: 0}
  m_PrefabAsset: {fileID: 0}
  serializedVersion: 6
  m_Component:
  - component: {fileID: 3122971358362186559}
  m_Layer: 18
  m_Name: Door Pivot
  m_TagString: Untagged
  m_Icon: {fileID: 0}
  m_NavMeshLayer: 0
  m_StaticEditorFlags: 0
  m_IsActive: 1
--- !u!4 &3122971358362186559
Transform:
  m_ObjectHideFlags: 0
  m_CorrespondingSourceObject: {fileID: 0}
  m_PrefabInstance: {fileID: 0}
  m_PrefabAsset: {fileID: 0}
  m_GameObject: {fileID: 3122971358362186556}
  m_LocalRotation: {x: 0, y: 0, z: 0, w: 1}
  m_LocalPosition: {x: 0, y: -0.01, z: -0.31}
  m_LocalScale: {x: 1, y: 1, z: 1}
  m_ConstrainProportionsScale: 0
  m_Children:
  - {fileID: 3122971357551413800}
  m_Father: {fileID: 3122971358319552481}
  m_RootOrder: 0
  m_LocalEulerAnglesHint: {x: 0, y: 0, z: 0}
--- !u!1 &6416660155233554588
GameObject:
  m_ObjectHideFlags: 0
  m_CorrespondingSourceObject: {fileID: 0}
  m_PrefabInstance: {fileID: 0}
  m_PrefabAsset: {fileID: 0}
  serializedVersion: 6
  m_Component:
  - component: {fileID: 258846708999746693}
  - component: {fileID: 6987280497637191589}
  - component: {fileID: 1790324711511514132}
  - component: {fileID: 2637914708479138692}
  m_Layer: 18
  m_Name: Hitboxes
  m_TagString: Untagged
  m_Icon: {fileID: 0}
  m_NavMeshLayer: 0
  m_StaticEditorFlags: 0
  m_IsActive: 1
--- !u!4 &258846708999746693
Transform:
  m_ObjectHideFlags: 0
  m_CorrespondingSourceObject: {fileID: 0}
  m_PrefabInstance: {fileID: 0}
  m_PrefabAsset: {fileID: 0}
  m_GameObject: {fileID: 6416660155233554588}
  m_LocalRotation: {x: 0, y: 0, z: 0, w: 1}
  m_LocalPosition: {x: 0, y: 0, z: 0}
  m_LocalScale: {x: 1, y: 1, z: 1}
  m_ConstrainProportionsScale: 0
  m_Children: []
  m_Father: {fileID: 3122971357455929708}
  m_RootOrder: 2
  m_LocalEulerAnglesHint: {x: 0, y: 0, z: 0}
--- !u!65 &6987280497637191589
BoxCollider:
  m_ObjectHideFlags: 0
  m_CorrespondingSourceObject: {fileID: 0}
  m_PrefabInstance: {fileID: 0}
  m_PrefabAsset: {fileID: 0}
  m_GameObject: {fileID: 6416660155233554588}
  m_Material: {fileID: 0}
  m_IsTrigger: 1
  m_Enabled: 1
  serializedVersion: 2
  m_Size: {x: 1.9, y: 0.25, z: 1.9}
  m_Center: {x: 1, y: 3.12, z: -1}
--- !u!114 &1790324711511514132
MonoBehaviour:
  m_ObjectHideFlags: 0
  m_CorrespondingSourceObject: {fileID: 0}
  m_PrefabInstance: {fileID: 0}
  m_PrefabAsset: {fileID: 0}
  m_GameObject: {fileID: 6416660155233554588}
  m_Enabled: 1
  m_EditorHideFlags: 0
  m_Script: {fileID: 11500000, guid: e111b0b8c11aa334e8ff018fc7e1bdee, type: 3}
  m_Name: 
  m_EditorClassIdentifier: 
  onHitboxEnter:
    m_PersistentCalls:
      m_Calls:
      - m_Target: {fileID: 3122971357455929706}
        m_TargetAssemblyTypeName: PortaPotty, Assembly-CSharp
        m_MethodName: GetJumpedOn
        m_Mode: 0
        m_Arguments:
          m_ObjectArgument: {fileID: 0}
          m_ObjectArgumentAssemblyTypeName: UnityEngine.Object, UnityEngine
          m_IntArgument: 0
          m_FloatArgument: 0
          m_StringArgument: 
          m_BoolArgument: 0
        m_CallState: 2
  onHitboxExit:
    m_PersistentCalls:
      m_Calls: []
  onHitboxClassEnter:
    m_PersistentCalls:
      m_Calls:
      - m_Target: {fileID: 3122971357455929706}
        m_TargetAssemblyTypeName: PortaPottySpawner, Assembly-CSharp
        m_MethodName: GetJumpedOn
        m_Mode: 0
        m_Arguments:
          m_ObjectArgument: {fileID: 0}
          m_ObjectArgumentAssemblyTypeName: UnityEngine.Object, UnityEngine
          m_IntArgument: 0
          m_FloatArgument: 0
          m_StringArgument: 
          m_BoolArgument: 0
        m_CallState: 2
  onHitboxClassExit:
    m_PersistentCalls:
      m_Calls: []
  collThatHitMe: {fileID: 0}
--- !u!54 &2637914708479138692
Rigidbody:
  m_ObjectHideFlags: 0
  m_CorrespondingSourceObject: {fileID: 0}
  m_PrefabInstance: {fileID: 0}
  m_PrefabAsset: {fileID: 0}
  m_GameObject: {fileID: 6416660155233554588}
  serializedVersion: 2
  m_Mass: 1
  m_Drag: 0
  m_AngularDrag: 0.05
  m_UseGravity: 0
  m_IsKinematic: 1
  m_Interpolate: 0
  m_Constraints: 0
  m_CollisionDetection: 0
