%YAML 1.1
%TAG !u! tag:unity3d.com,2011:
--- !u!1 &4708520428580971872
GameObject:
  m_ObjectHideFlags: 0
  m_CorrespondingSourceObject: {fileID: 0}
  m_PrefabInstance: {fileID: 0}
  m_PrefabAsset: {fileID: 0}
  serializedVersion: 6
  m_Component:
  - component: {fileID: 4708520428580971885}
  - component: {fileID: 4708520428580971873}
  - component: {fileID: 4708520428580971874}
  - component: {fileID: 3139063136776114678}
  - component: {fileID: -6170476570723055057}
  m_Layer: 18
  m_Name: RedCoin
  m_TagString: Untagged
  m_Icon: {fileID: 0}
  m_NavMeshLayer: 0
  m_StaticEditorFlags: 0
  m_IsActive: 1
--- !u!4 &4708520428580971885
Transform:
  m_ObjectHideFlags: 0
  m_CorrespondingSourceObject: {fileID: 0}
  m_PrefabInstance: {fileID: 0}
  m_PrefabAsset: {fileID: 0}
  m_GameObject: {fileID: 4708520428580971872}
  m_LocalRotation: {x: 0, y: 0, z: 0, w: 1}
  m_LocalPosition: {x: 0, y: 0, z: 0}
  m_LocalScale: {x: 1, y: 1, z: 1}
  m_ConstrainProportionsScale: 0
  m_Children:
  - {fileID: 8022131788315308034}
  m_Father: {fileID: 0}
  m_RootOrder: 0
  m_LocalEulerAnglesHint: {x: 0, y: 0, z: 0}
--- !u!114 &4708520428580971873
MonoBehaviour:
  m_ObjectHideFlags: 0
  m_CorrespondingSourceObject: {fileID: 0}
  m_PrefabInstance: {fileID: 0}
  m_PrefabAsset: {fileID: 0}
  m_GameObject: {fileID: 4708520428580971872}
  m_Enabled: 1
  m_EditorHideFlags: 0
  m_Script: {fileID: 11500000, guid: 29eb91d46c77641409b4d444aabf4c78, type: 3}
  m_Name: 
  m_EditorClassIdentifier: 
  rotationAxis: 1
  rotationPerSecond: 140
--- !u!135 &4708520428580971874
SphereCollider:
  m_ObjectHideFlags: 0
  m_CorrespondingSourceObject: {fileID: 0}
  m_PrefabInstance: {fileID: 0}
  m_PrefabAsset: {fileID: 0}
  m_GameObject: {fileID: 4708520428580971872}
  m_Material: {fileID: 0}
  m_IsTrigger: 1
  m_Enabled: 1
  serializedVersion: 2
  m_Radius: 0.75
  m_Center: {x: 0, y: 0.75, z: 0}
--- !u!114 &3139063136776114678
MonoBehaviour:
  m_ObjectHideFlags: 0
  m_CorrespondingSourceObject: {fileID: 0}
  m_PrefabInstance: {fileID: 0}
  m_PrefabAsset: {fileID: 0}
  m_GameObject: {fileID: 4708520428580971872}
  m_Enabled: 1
  m_EditorHideFlags: 0
  m_Script: {fileID: 11500000, guid: fd2332d62cb30104197582da2c93ad9f, type: 3}
  m_Name: 
  m_EditorClassIdentifier: 
--- !u!114 &-6170476570723055057
MonoBehaviour:
  m_ObjectHideFlags: 0
  m_CorrespondingSourceObject: {fileID: 0}
  m_PrefabInstance: {fileID: 0}
  m_PrefabAsset: {fileID: 0}
  m_GameObject: {fileID: 4708520428580971872}
  m_Enabled: 1
  m_EditorHideFlags: 0
  m_Script: {fileID: 11500000, guid: d6756f81c75cd72458e6b9f2ebd797ea, type: 3}
  m_Name: 
  m_EditorClassIdentifier: 
  myMeshRenderer: {fileID: 5640338669235064008}
--- !u!1 &7854169763293872943
GameObject:
  m_ObjectHideFlags: 0
  m_CorrespondingSourceObject: {fileID: 0}
  m_PrefabInstance: {fileID: 0}
  m_PrefabAsset: {fileID: 0}
  serializedVersion: 6
  m_Component:
  - component: {fileID: 8022131788315308034}
  - component: {fileID: 3451696724294101642}
  - component: {fileID: 5640338669235064008}
  m_Layer: 18
  m_Name: RedCoin Graphics
  m_TagString: Untagged
  m_Icon: {fileID: 0}
  m_NavMeshLayer: 0
  m_StaticEditorFlags: 0
  m_IsActive: 1
--- !u!4 &8022131788315308034
Transform:
  m_ObjectHideFlags: 0
  m_CorrespondingSourceObject: {fileID: 0}
  m_PrefabInstance: {fileID: 0}
  m_PrefabAsset: {fileID: 0}
  m_GameObject: {fileID: 7854169763293872943}
  m_LocalRotation: {x: 0.7071068, y: 0, z: 0, w: 0.7071068}
  m_LocalPosition: {x: 0, y: 1, z: 0}
  m_LocalScale: {x: 0.5, y: 0.05, z: 0.5}
  m_ConstrainProportionsScale: 0
  m_Children:
  - {fileID: 2708218814912271664}
  m_Father: {fileID: 4708520428580971885}
  m_RootOrder: 0
  m_LocalEulerAnglesHint: {x: 90, y: 0, z: 0}
--- !u!33 &3451696724294101642
MeshFilter:
  m_ObjectHideFlags: 0
  m_CorrespondingSourceObject: {fileID: 0}
  m_PrefabInstance: {fileID: 0}
  m_PrefabAsset: {fileID: 0}
  m_GameObject: {fileID: 7854169763293872943}
  m_Mesh: {fileID: 10206, guid: 0000000000000000e000000000000000, type: 0}
--- !u!23 &5640338669235064008
MeshRenderer:
  m_ObjectHideFlags: 0
  m_CorrespondingSourceObject: {fileID: 0}
  m_PrefabInstance: {fileID: 0}
  m_PrefabAsset: {fileID: 0}
  m_GameObject: {fileID: 7854169763293872943}
  m_Enabled: 1
  m_CastShadows: 0
  m_ReceiveShadows: 1
  m_DynamicOccludee: 1
  m_StaticShadowCaster: 0
  m_MotionVectors: 1
  m_LightProbeUsage: 1
  m_ReflectionProbeUsage: 1
  m_RayTracingMode: 2
  m_RayTraceProcedural: 0
  m_RenderingLayerMask: 1
  m_RendererPriority: 0
  m_Materials:
  - {fileID: 291089906987734345, guid: 9c4ac5c003b047344bf54e1a52c4debe, type: 3}
  m_StaticBatchInfo:
    firstSubMesh: 0
    subMeshCount: 0
  m_StaticBatchRoot: {fileID: 0}
  m_ProbeAnchor: {fileID: 0}
  m_LightProbeVolumeOverride: {fileID: 0}
  m_ScaleInLightmap: 1
  m_ReceiveGI: 1
  m_PreserveUVs: 0
  m_IgnoreNormalsForChartDetection: 0
  m_ImportantGI: 0
  m_StitchLightmapSeams: 1
  m_SelectedEditorRenderState: 3
  m_MinimumChartSize: 4
  m_AutoUVMaxDistance: 0.5
  m_AutoUVMaxAngle: 89
  m_LightmapParameters: {fileID: 0}
  m_SortingLayerID: 0
  m_SortingLayer: 0
  m_SortingOrder: 0
  m_AdditionalVertexStreams: {fileID: 0}
--- !u!1001 &3962696168779783581
PrefabInstance:
  m_ObjectHideFlags: 0
  serializedVersion: 2
  m_Modification:
    m_TransformParent: {fileID: 8022131788315308034}
    m_Modifications:
    - target: {fileID: 488938479309565519, guid: 2bc9cc9fd7db7482f9551a2b21b16e14,
        type: 3}
      propertyPath: m_Enabled
      value: 1
      objectReference: {fileID: 0}
    - target: {fileID: 488938479309565519, guid: 2bc9cc9fd7db7482f9551a2b21b16e14,
        type: 3}
      propertyPath: m_CastShadows
      value: 0
      objectReference: {fileID: 0}
    - target: {fileID: 1399446864625633453, guid: 2bc9cc9fd7db7482f9551a2b21b16e14,
        type: 3}
      propertyPath: m_RootOrder
      value: 0
      objectReference: {fileID: 0}
    - target: {fileID: 1399446864625633453, guid: 2bc9cc9fd7db7482f9551a2b21b16e14,
        type: 3}
      propertyPath: m_LocalScale.x
      value: 1.25
      objectReference: {fileID: 0}
    - target: {fileID: 1399446864625633453, guid: 2bc9cc9fd7db7482f9551a2b21b16e14,
        type: 3}
      propertyPath: m_LocalScale.y
      value: 6
      objectReference: {fileID: 0}
    - target: {fileID: 1399446864625633453, guid: 2bc9cc9fd7db7482f9551a2b21b16e14,
        type: 3}
      propertyPath: m_LocalScale.z
      value: 3
      objectReference: {fileID: 0}
    - target: {fileID: 1399446864625633453, guid: 2bc9cc9fd7db7482f9551a2b21b16e14,
        type: 3}
      propertyPath: m_LocalPosition.x
      value: 0
      objectReference: {fileID: 0}
    - target: {fileID: 1399446864625633453, guid: 2bc9cc9fd7db7482f9551a2b21b16e14,
        type: 3}
      propertyPath: m_LocalPosition.y
      value: 0
      objectReference: {fileID: 0}
    - target: {fileID: 1399446864625633453, guid: 2bc9cc9fd7db7482f9551a2b21b16e14,
        type: 3}
      propertyPath: m_LocalPosition.z
      value: 2
      objectReference: {fileID: 0}
    - target: {fileID: 1399446864625633453, guid: 2bc9cc9fd7db7482f9551a2b21b16e14,
        type: 3}
      propertyPath: m_LocalRotation.w
      value: 0.9999985
      objectReference: {fileID: 0}
    - target: {fileID: 1399446864625633453, guid: 2bc9cc9fd7db7482f9551a2b21b16e14,
        type: 3}
      propertyPath: m_LocalRotation.x
      value: -0.0017452834
      objectReference: {fileID: 0}
    - target: {fileID: 1399446864625633453, guid: 2bc9cc9fd7db7482f9551a2b21b16e14,
        type: 3}
      propertyPath: m_LocalRotation.y
      value: -0
      objectReference: {fileID: 0}
    - target: {fileID: 1399446864625633453, guid: 2bc9cc9fd7db7482f9551a2b21b16e14,
        type: 3}
      propertyPath: m_LocalRotation.z
      value: -0
      objectReference: {fileID: 0}
    - target: {fileID: 1399446864625633453, guid: 2bc9cc9fd7db7482f9551a2b21b16e14,
        type: 3}
      propertyPath: m_LocalEulerAnglesHint.x
      value: -0.2
      objectReference: {fileID: 0}
    - target: {fileID: 1399446864625633453, guid: 2bc9cc9fd7db7482f9551a2b21b16e14,
        type: 3}
      propertyPath: m_LocalEulerAnglesHint.y
      value: 0
      objectReference: {fileID: 0}
    - target: {fileID: 1399446864625633453, guid: 2bc9cc9fd7db7482f9551a2b21b16e14,
        type: 3}
      propertyPath: m_LocalEulerAnglesHint.z
      value: 0
      objectReference: {fileID: 0}
    - target: {fileID: 4553027641532880895, guid: 2bc9cc9fd7db7482f9551a2b21b16e14,
        type: 3}
      propertyPath: m_Name
      value: Circular Shadow Decal
      objectReference: {fileID: 0}
    - target: {fileID: 4553027641532880895, guid: 2bc9cc9fd7db7482f9551a2b21b16e14,
        type: 3}
      propertyPath: m_Layer
      value: 18
      objectReference: {fileID: 0}
    m_RemovedComponents: []
  m_SourcePrefab: {fileID: 100100000, guid: 2bc9cc9fd7db7482f9551a2b21b16e14, type: 3}
--- !u!4 &2708218814912271664 stripped
Transform:
  m_CorrespondingSourceObject: {fileID: 1399446864625633453, guid: 2bc9cc9fd7db7482f9551a2b21b16e14,
    type: 3}
  m_PrefabInstance: {fileID: 3962696168779783581}
  m_PrefabAsset: {fileID: 0}
