%YAML 1.1
%TAG !u! tag:unity3d.com,2011:
--- !u!1 &1665444402
GameObject:
  m_ObjectHideFlags: 0
  m_CorrespondingSourceObject: {fileID: 0}
  m_PrefabInstance: {fileID: 0}
  m_PrefabAsset: {fileID: 0}
  serializedVersion: 6
  m_Component:
  - component: {fileID: 1665444403}
  - component: {fileID: 6828397332895220395}
  m_Layer: 0
  m_Name: Telemetry Viewer
  m_TagString: Untagged
  m_Icon: {fileID: 0}
  m_NavMeshLayer: 0
  m_StaticEditorFlags: 0
  m_IsActive: 1
--- !u!4 &1665444403
Transform:
  m_ObjectHideFlags: 0
  m_CorrespondingSourceObject: {fileID: 0}
  m_PrefabInstance: {fileID: 0}
  m_PrefabAsset: {fileID: 0}
  m_GameObject: {fileID: 1665444402}
  serializedVersion: 2
  m_LocalRotation: {x: 0, y: 0, z: 0, w: 1}
  m_LocalPosition: {x: 0, y: 0, z: 0}
  m_LocalScale: {x: 1, y: 1, z: 1}
  m_ConstrainProportionsScale: 0
  m_Children: []
  m_Father: {fileID: 820243988545530359}
  m_LocalEulerAnglesHint: {x: 0, y: 0, z: 0}
--- !u!114 &6828397332895220395
MonoBehaviour:
  m_ObjectHideFlags: 0
  m_CorrespondingSourceObject: {fileID: 0}
  m_PrefabInstance: {fileID: 0}
  m_PrefabAsset: {fileID: 0}
  m_GameObject: {fileID: 1665444402}
  m_Enabled: 1
  m_EditorHideFlags: 0
  m_Script: {fileID: 11500000, guid: 8e1a0d38b84b44889b7277dd5abde6d8, type: 3}
  m_Name: 
  m_EditorClassIdentifier: 
  showTelemetry: 1
  telemetrySettings: {fileID: 11400000, guid: 037347efcef5d42ccb3e960477517c96, type: 2}
  coneScale: 0.5
  telemetryEntries: []
--- !u!1 &820243987542219080
GameObject:
  m_ObjectHideFlags: 0
  m_CorrespondingSourceObject: {fileID: 0}
  m_PrefabInstance: {fileID: 0}
  m_PrefabAsset: {fileID: 0}
  serializedVersion: 6
  m_Component:
  - component: {fileID: 820243987542218935}
  - component: {fileID: 820243987542218934}
  - component: {fileID: 820243987542219081}
  m_Layer: 0
  m_Name: GameManager
  m_TagString: Untagged
  m_Icon: {fileID: 0}
  m_NavMeshLayer: 0
  m_StaticEditorFlags: 0
  m_IsActive: 1
--- !u!4 &820243987542218935
Transform:
  m_ObjectHideFlags: 0
  m_CorrespondingSourceObject: {fileID: 0}
  m_PrefabInstance: {fileID: 0}
  m_PrefabAsset: {fileID: 0}
  m_GameObject: {fileID: 820243987542219080}
  serializedVersion: 2
  m_LocalRotation: {x: -0, y: -0, z: -0, w: 1}
  m_LocalPosition: {x: 0, y: 0, z: 0}
  m_LocalScale: {x: 1, y: 1, z: 1}
  m_ConstrainProportionsScale: 0
  m_Children: []
  m_Father: {fileID: 820243988545530359}
  m_LocalEulerAnglesHint: {x: 0, y: 0, z: 0}
--- !u!114 &820243987542218934
MonoBehaviour:
  m_ObjectHideFlags: 0
  m_CorrespondingSourceObject: {fileID: 0}
  m_PrefabInstance: {fileID: 0}
  m_PrefabAsset: {fileID: 0}
  m_GameObject: {fileID: 820243987542219080}
  m_Enabled: 1
  m_EditorHideFlags: 0
  m_Script: {fileID: 11500000, guid: 68a3365aba4b28a489376526393c9cd1, type: 3}
  m_Name: 
  m_EditorClassIdentifier: 
  debugObject: {fileID: 3873291711788000584, guid: 5d7ce817ead3a2747ab49fb7bfda0ee2,
    type: 3}
--- !u!114 &820243987542219081
MonoBehaviour:
  m_ObjectHideFlags: 0
  m_CorrespondingSourceObject: {fileID: 0}
  m_PrefabInstance: {fileID: 0}
  m_PrefabAsset: {fileID: 0}
  m_GameObject: {fileID: 820243987542219080}
  m_Enabled: 1
  m_EditorHideFlags: 0
  m_Script: {fileID: 11500000, guid: 05ffbe6c5aa3c1e42a25d4d97e3591a0, type: 3}
  m_Name: 
  m_EditorClassIdentifier: 
  worldUIPrefab: {fileID: 0}
--- !u!1 &820243987982926824
GameObject:
  m_ObjectHideFlags: 0
  m_CorrespondingSourceObject: {fileID: 0}
  m_PrefabInstance: {fileID: 0}
  m_PrefabAsset: {fileID: 0}
  serializedVersion: 6
  m_Component:
  - component: {fileID: 820243987982926825}
  - component: {fileID: 820243987982926806}
  m_Layer: 0
  m_Name: InputManager
  m_TagString: Untagged
  m_Icon: {fileID: 0}
  m_NavMeshLayer: 0
  m_StaticEditorFlags: 0
  m_IsActive: 1
--- !u!4 &820243987982926825
Transform:
  m_ObjectHideFlags: 0
  m_CorrespondingSourceObject: {fileID: 0}
  m_PrefabInstance: {fileID: 0}
  m_PrefabAsset: {fileID: 0}
  m_GameObject: {fileID: 820243987982926824}
  serializedVersion: 2
  m_LocalRotation: {x: -0, y: -0, z: -0, w: 1}
  m_LocalPosition: {x: 0, y: 0, z: 0}
  m_LocalScale: {x: 1, y: 1, z: 1}
  m_ConstrainProportionsScale: 0
  m_Children: []
  m_Father: {fileID: 820243988545530359}
  m_LocalEulerAnglesHint: {x: 0, y: 0, z: 0}
--- !u!114 &820243987982926806
MonoBehaviour:
  m_ObjectHideFlags: 0
  m_CorrespondingSourceObject: {fileID: 0}
  m_PrefabInstance: {fileID: 0}
  m_PrefabAsset: {fileID: 0}
  m_GameObject: {fileID: 820243987982926824}
  m_Enabled: 1
  m_EditorHideFlags: 0
  m_Script: {fileID: 11500000, guid: 48e40258af35a9242a230b45a9270fc1, type: 3}
  m_Name: 
  m_EditorClassIdentifier: 
  playerMoveInput: {fileID: 7708008485372389798, guid: 19a72103ca983bb49aa18c9fa677be0b,
    type: 3}
  playerLookInput: {fileID: -8046830398947514939, guid: 19a72103ca983bb49aa18c9fa677be0b,
    type: 3}
  playerJumpInput: {fileID: -5972710207696477967, guid: 19a72103ca983bb49aa18c9fa677be0b,
    type: 3}
  playerCrouchInput: {fileID: 5259467034413727838, guid: 19a72103ca983bb49aa18c9fa677be0b,
    type: 3}
--- !u!1 &820243988545530358
GameObject:
  m_ObjectHideFlags: 0
  m_CorrespondingSourceObject: {fileID: 0}
  m_PrefabInstance: {fileID: 0}
  m_PrefabAsset: {fileID: 0}
  serializedVersion: 6
  m_Component:
  - component: {fileID: 820243988545530359}
  m_Layer: 0
  m_Name: Managers and Essentials
  m_TagString: Untagged
  m_Icon: {fileID: 0}
  m_NavMeshLayer: 0
  m_StaticEditorFlags: 0
  m_IsActive: 1
--- !u!4 &820243988545530359
Transform:
  m_ObjectHideFlags: 0
  m_CorrespondingSourceObject: {fileID: 0}
  m_PrefabInstance: {fileID: 0}
  m_PrefabAsset: {fileID: 0}
  m_GameObject: {fileID: 820243988545530358}
  serializedVersion: 2
  m_LocalRotation: {x: 0, y: 0, z: 0, w: 1}
  m_LocalPosition: {x: 0, y: 0, z: 0}
  m_LocalScale: {x: 1, y: 1, z: 1}
  m_ConstrainProportionsScale: 0
  m_Children:
  - {fileID: 6967249280413672119}
  - {fileID: 5974542218591245664}
  - {fileID: 7348501120401578054}
  - {fileID: 820243988616431978}
  - {fileID: 820243987542218935}
  - {fileID: 820243988670790508}
  - {fileID: 820243987982926825}
  - {fileID: 820243988036198988}
  - {fileID: 1665444403}
  - {fileID: 9187585064386569755}
  - {fileID: 4369952160958300850}
  m_Father: {fileID: 0}
  m_LocalEulerAnglesHint: {x: 0, y: 0, z: 0}
--- !u!1 &820243988604097406
GameObject:
  m_ObjectHideFlags: 0
  m_CorrespondingSourceObject: {fileID: 0}
  m_PrefabInstance: {fileID: 0}
  m_PrefabAsset: {fileID: 0}
  serializedVersion: 6
  m_Component:
  - component: {fileID: 820243988604097407}
  m_Layer: 0
  m_Name: ItemLocation5
  m_TagString: Untagged
  m_Icon: {fileID: 0}
  m_NavMeshLayer: 0
  m_StaticEditorFlags: 0
  m_IsActive: 1
--- !u!4 &820243988604097407
Transform:
  m_ObjectHideFlags: 0
  m_CorrespondingSourceObject: {fileID: 0}
  m_PrefabInstance: {fileID: 0}
  m_PrefabAsset: {fileID: 0}
  m_GameObject: {fileID: 820243988604097406}
  serializedVersion: 2
  m_LocalRotation: {x: 0, y: 0, z: 0, w: 1}
  m_LocalPosition: {x: -2, y: 3.5, z: 5}
  m_LocalScale: {x: 1, y: 1, z: 1}
  m_ConstrainProportionsScale: 0
  m_Children: []
  m_Father: {fileID: 820243988616431978}
  m_LocalEulerAnglesHint: {x: 0, y: 0, z: 0}
--- !u!1 &820243988616431969
GameObject:
  m_ObjectHideFlags: 0
  m_CorrespondingSourceObject: {fileID: 0}
  m_PrefabInstance: {fileID: 0}
  m_PrefabAsset: {fileID: 0}
  serializedVersion: 6
  m_Component:
  - component: {fileID: 820243988616431978}
  - component: {fileID: 820243988616431981}
  - component: {fileID: 820243988616431983}
  m_Layer: 0
  m_Name: InventoryCamera
  m_TagString: Untagged
  m_Icon: {fileID: 0}
  m_NavMeshLayer: 0
  m_StaticEditorFlags: 0
  m_IsActive: 1
--- !u!4 &820243988616431978
Transform:
  m_ObjectHideFlags: 0
  m_CorrespondingSourceObject: {fileID: 0}
  m_PrefabInstance: {fileID: 0}
  m_PrefabAsset: {fileID: 0}
  m_GameObject: {fileID: 820243988616431969}
  serializedVersion: 2
  m_LocalRotation: {x: -0, y: -0, z: -0, w: 1}
  m_LocalPosition: {x: 0, y: 500, z: 0}
  m_LocalScale: {x: 1, y: 1, z: 1}
  m_ConstrainProportionsScale: 0
  m_Children:
  - {fileID: 820243988666050443}
  - {fileID: 820243989124709728}
  - {fileID: 820243988912820833}
  - {fileID: 820243989254751727}
  - {fileID: 820243988604097407}
  m_Father: {fileID: 820243988545530359}
  m_LocalEulerAnglesHint: {x: 0, y: 0, z: 0}
--- !u!20 &820243988616431981
Camera:
  m_ObjectHideFlags: 0
  m_CorrespondingSourceObject: {fileID: 0}
  m_PrefabInstance: {fileID: 0}
  m_PrefabAsset: {fileID: 0}
  m_GameObject: {fileID: 820243988616431969}
  m_Enabled: 1
  serializedVersion: 2
  m_ClearFlags: 1
  m_BackGroundColor: {r: 0.19215687, g: 0.3019608, b: 0.4745098, a: 0}
  m_projectionMatrixMode: 1
  m_GateFitMode: 2
  m_FOVAxisMode: 0
  m_Iso: 200
  m_ShutterSpeed: 0.005
  m_Aperture: 16
  m_FocusDistance: 10
  m_FocalLength: 50
  m_BladeCount: 5
  m_Curvature: {x: 2, y: 11}
  m_BarrelClipping: 0.25
  m_Anamorphism: 0
  m_SensorSize: {x: 36, y: 24}
  m_LensShift: {x: 0, y: 0}
  m_NormalizedViewPortRect:
    serializedVersion: 2
    x: 0
    y: 0
    width: 1
    height: 1
  near clip plane: 0.3
  far clip plane: 1000
  field of view: 60
  orthographic: 1
  orthographic size: 5
  m_Depth: 0
  m_CullingMask:
    serializedVersion: 2
    m_Bits: 544
  m_RenderingPath: -1
  m_TargetTexture: {fileID: 0}
  m_TargetDisplay: 0
  m_TargetEye: 3
  m_HDR: 1
  m_AllowMSAA: 1
  m_AllowDynamicResolution: 0
  m_ForceIntoRT: 0
  m_OcclusionCulling: 1
  m_StereoConvergence: 10
  m_StereoSeparation: 0.022
--- !u!114 &820243988616431983
MonoBehaviour:
  m_ObjectHideFlags: 0
  m_CorrespondingSourceObject: {fileID: 0}
  m_PrefabInstance: {fileID: 0}
  m_PrefabAsset: {fileID: 0}
  m_GameObject: {fileID: 820243988616431969}
  m_Enabled: 1
  m_EditorHideFlags: 0
  m_Script: {fileID: 11500000, guid: a79441f348de89743a2939f4d699eac1, type: 3}
  m_Name: 
  m_EditorClassIdentifier: 
  m_RenderShadows: 1
  m_RequiresDepthTextureOption: 2
  m_RequiresOpaqueTextureOption: 2
  m_CameraType: 1
  m_Cameras: []
  m_RendererIndex: -1
  m_VolumeLayerMask:
    serializedVersion: 2
    m_Bits: 0
  m_VolumeTrigger: {fileID: 0}
  m_VolumeFrameworkUpdateModeOption: 2
  m_RenderPostProcessing: 0
  m_Antialiasing: 0
  m_AntialiasingQuality: 2
  m_StopNaN: 0
  m_Dithering: 0
  m_ClearDepth: 1
  m_AllowXRRendering: 1
  m_AllowHDROutput: 1
  m_UseScreenCoordOverride: 0
  m_ScreenSizeOverride: {x: 0, y: 0, z: 0, w: 0}
  m_ScreenCoordScaleBias: {x: 0, y: 0, z: 0, w: 0}
  m_RequiresDepthTexture: 0
  m_RequiresColorTexture: 0
  m_Version: 2
  m_TaaSettings:
    quality: 3
    frameInfluence: 0.1
    jitterScale: 1
    mipBias: 0
    varianceClampScale: 0.9
    contrastAdaptiveSharpening: 0
--- !u!1 &820243988666050442
GameObject:
  m_ObjectHideFlags: 0
  m_CorrespondingSourceObject: {fileID: 0}
  m_PrefabInstance: {fileID: 0}
  m_PrefabAsset: {fileID: 0}
  serializedVersion: 6
  m_Component:
  - component: {fileID: 820243988666050443}
  m_Layer: 0
  m_Name: ItemLocation1
  m_TagString: Untagged
  m_Icon: {fileID: 0}
  m_NavMeshLayer: 0
  m_StaticEditorFlags: 0
  m_IsActive: 1
--- !u!4 &820243988666050443
Transform:
  m_ObjectHideFlags: 0
  m_CorrespondingSourceObject: {fileID: 0}
  m_PrefabInstance: {fileID: 0}
  m_PrefabAsset: {fileID: 0}
  m_GameObject: {fileID: 820243988666050442}
  serializedVersion: 2
  m_LocalRotation: {x: 0, y: 0, z: 0, w: 1}
  m_LocalPosition: {x: -8, y: 3.5, z: 5}
  m_LocalScale: {x: 1, y: 1, z: 1}
  m_ConstrainProportionsScale: 0
  m_Children: []
  m_Father: {fileID: 820243988616431978}
  m_LocalEulerAnglesHint: {x: 0, y: 0, z: 0}
--- !u!1 &820243988670790497
GameObject:
  m_ObjectHideFlags: 0
  m_CorrespondingSourceObject: {fileID: 0}
  m_PrefabInstance: {fileID: 0}
  m_PrefabAsset: {fileID: 0}
  serializedVersion: 6
  m_Component:
  - component: {fileID: 820243988670790508}
  - component: {fileID: 820243988670790511}
  - component: {fileID: 7629051738237986160}
  m_Layer: 0
  m_Name: EventSystem
  m_TagString: Untagged
  m_Icon: {fileID: 0}
  m_NavMeshLayer: 0
  m_StaticEditorFlags: 0
  m_IsActive: 1
--- !u!4 &820243988670790508
Transform:
  m_ObjectHideFlags: 0
  m_CorrespondingSourceObject: {fileID: 0}
  m_PrefabInstance: {fileID: 0}
  m_PrefabAsset: {fileID: 0}
  m_GameObject: {fileID: 820243988670790497}
  serializedVersion: 2
  m_LocalRotation: {x: -0, y: -0, z: -0, w: 1}
  m_LocalPosition: {x: 0, y: 0, z: 0}
  m_LocalScale: {x: 1, y: 1, z: 1}
  m_ConstrainProportionsScale: 0
  m_Children: []
  m_Father: {fileID: 820243988545530359}
  m_LocalEulerAnglesHint: {x: 0, y: 0, z: 0}
--- !u!114 &820243988670790511
MonoBehaviour:
  m_ObjectHideFlags: 0
  m_CorrespondingSourceObject: {fileID: 0}
  m_PrefabInstance: {fileID: 0}
  m_PrefabAsset: {fileID: 0}
  m_GameObject: {fileID: 820243988670790497}
  m_Enabled: 1
  m_EditorHideFlags: 0
  m_Script: {fileID: 11500000, guid: 76c392e42b5098c458856cdf6ecaaaa1, type: 3}
  m_Name: 
  m_EditorClassIdentifier: 
  m_FirstSelected: {fileID: 0}
  m_sendNavigationEvents: 1
  m_DragThreshold: 10
--- !u!114 &7629051738237986160
MonoBehaviour:
  m_ObjectHideFlags: 0
  m_CorrespondingSourceObject: {fileID: 0}
  m_PrefabInstance: {fileID: 0}
  m_PrefabAsset: {fileID: 0}
  m_GameObject: {fileID: 820243988670790497}
  m_Enabled: 1
  m_EditorHideFlags: 0
  m_Script: {fileID: 11500000, guid: 01614664b831546d2ae94a42149d80ac, type: 3}
  m_Name: 
  m_EditorClassIdentifier: 
  m_SendPointerHoverToParent: 1
  m_MoveRepeatDelay: 0.5
  m_MoveRepeatRate: 0.1
  m_XRTrackingOrigin: {fileID: 0}
  m_ActionsAsset: {fileID: -944628639613478452, guid: ca9f5fa95ffab41fb9a615ab714db018,
    type: 3}
  m_PointAction: {fileID: -1654692200621890270, guid: ca9f5fa95ffab41fb9a615ab714db018,
    type: 3}
  m_MoveAction: {fileID: -8784545083839296357, guid: ca9f5fa95ffab41fb9a615ab714db018,
    type: 3}
  m_SubmitAction: {fileID: 392368643174621059, guid: ca9f5fa95ffab41fb9a615ab714db018,
    type: 3}
  m_CancelAction: {fileID: 7727032971491509709, guid: ca9f5fa95ffab41fb9a615ab714db018,
    type: 3}
  m_LeftClickAction: {fileID: 3001919216989983466, guid: ca9f5fa95ffab41fb9a615ab714db018,
    type: 3}
  m_MiddleClickAction: {fileID: -2185481485913320682, guid: ca9f5fa95ffab41fb9a615ab714db018,
    type: 3}
  m_RightClickAction: {fileID: -4090225696740746782, guid: ca9f5fa95ffab41fb9a615ab714db018,
    type: 3}
  m_ScrollWheelAction: {fileID: 6240969308177333660, guid: ca9f5fa95ffab41fb9a615ab714db018,
    type: 3}
  m_TrackedDevicePositionAction: {fileID: 6564999863303420839, guid: ca9f5fa95ffab41fb9a615ab714db018,
    type: 3}
  m_TrackedDeviceOrientationAction: {fileID: 7970375526676320489, guid: ca9f5fa95ffab41fb9a615ab714db018,
    type: 3}
  m_DeselectOnBackgroundClick: 1
  m_PointerBehavior: 0
  m_CursorLockBehavior: 0
--- !u!1 &820243988912820832
GameObject:
  m_ObjectHideFlags: 0
  m_CorrespondingSourceObject: {fileID: 0}
  m_PrefabInstance: {fileID: 0}
  m_PrefabAsset: {fileID: 0}
  serializedVersion: 6
  m_Component:
  - component: {fileID: 820243988912820833}
  m_Layer: 0
  m_Name: ItemLocation3
  m_TagString: Untagged
  m_Icon: {fileID: 0}
  m_NavMeshLayer: 0
  m_StaticEditorFlags: 0
  m_IsActive: 1
--- !u!4 &820243988912820833
Transform:
  m_ObjectHideFlags: 0
  m_CorrespondingSourceObject: {fileID: 0}
  m_PrefabInstance: {fileID: 0}
  m_PrefabAsset: {fileID: 0}
  m_GameObject: {fileID: 820243988912820832}
  serializedVersion: 2
  m_LocalRotation: {x: 0, y: 0, z: 0, w: 1}
  m_LocalPosition: {x: -5, y: 3.5, z: 5}
  m_LocalScale: {x: 1, y: 1, z: 1}
  m_ConstrainProportionsScale: 0
  m_Children: []
  m_Father: {fileID: 820243988616431978}
  m_LocalEulerAnglesHint: {x: 0, y: 0, z: 0}
--- !u!1 &820243989124709731
GameObject:
  m_ObjectHideFlags: 0
  m_CorrespondingSourceObject: {fileID: 0}
  m_PrefabInstance: {fileID: 0}
  m_PrefabAsset: {fileID: 0}
  serializedVersion: 6
  m_Component:
  - component: {fileID: 820243989124709728}
  m_Layer: 0
  m_Name: ItemLocation2
  m_TagString: Untagged
  m_Icon: {fileID: 0}
  m_NavMeshLayer: 0
  m_StaticEditorFlags: 0
  m_IsActive: 1
--- !u!4 &820243989124709728
Transform:
  m_ObjectHideFlags: 0
  m_CorrespondingSourceObject: {fileID: 0}
  m_PrefabInstance: {fileID: 0}
  m_PrefabAsset: {fileID: 0}
  m_GameObject: {fileID: 820243989124709731}
  serializedVersion: 2
  m_LocalRotation: {x: 0, y: 0, z: 0, w: 1}
  m_LocalPosition: {x: -6.5, y: 3.5, z: 5}
  m_LocalScale: {x: 1, y: 1, z: 1}
  m_ConstrainProportionsScale: 0
  m_Children: []
  m_Father: {fileID: 820243988616431978}
  m_LocalEulerAnglesHint: {x: 0, y: 0, z: 0}
--- !u!1 &820243989254751726
GameObject:
  m_ObjectHideFlags: 0
  m_CorrespondingSourceObject: {fileID: 0}
  m_PrefabInstance: {fileID: 0}
  m_PrefabAsset: {fileID: 0}
  serializedVersion: 6
  m_Component:
  - component: {fileID: 820243989254751727}
  m_Layer: 0
  m_Name: ItemLocation4
  m_TagString: Untagged
  m_Icon: {fileID: 0}
  m_NavMeshLayer: 0
  m_StaticEditorFlags: 0
  m_IsActive: 1
--- !u!4 &820243989254751727
Transform:
  m_ObjectHideFlags: 0
  m_CorrespondingSourceObject: {fileID: 0}
  m_PrefabInstance: {fileID: 0}
  m_PrefabAsset: {fileID: 0}
  m_GameObject: {fileID: 820243989254751726}
  serializedVersion: 2
  m_LocalRotation: {x: 0, y: 0, z: 0, w: 1}
  m_LocalPosition: {x: -3.5, y: 3.5, z: 5}
  m_LocalScale: {x: 1, y: 1, z: 1}
  m_ConstrainProportionsScale: 0
  m_Children: []
  m_Father: {fileID: 820243988616431978}
  m_LocalEulerAnglesHint: {x: 0, y: 0, z: 0}
--- !u!1 &4175174715495964044
GameObject:
  m_ObjectHideFlags: 0
  m_CorrespondingSourceObject: {fileID: 0}
  m_PrefabInstance: {fileID: 0}
  m_PrefabAsset: {fileID: 0}
  serializedVersion: 6
  m_Component:
  - component: {fileID: 4369952160958300850}
  - component: {fileID: 8000030534841358643}
  - component: {fileID: 4093186341845595571}
  m_Layer: 0
  m_Name: Directional Light
  m_TagString: Untagged
  m_Icon: {fileID: 0}
  m_NavMeshLayer: 0
  m_StaticEditorFlags: 0
  m_IsActive: 1
--- !u!4 &4369952160958300850
Transform:
  m_ObjectHideFlags: 0
  m_CorrespondingSourceObject: {fileID: 0}
  m_PrefabInstance: {fileID: 0}
  m_PrefabAsset: {fileID: 0}
  m_GameObject: {fileID: 4175174715495964044}
  serializedVersion: 2
  m_LocalRotation: {x: 0.55531776, y: 0.14612558, z: 0.07667132, w: 0.8151019}
  m_LocalPosition: {x: 0, y: 40, z: 0}
  m_LocalScale: {x: 1, y: 1, z: 1}
  m_ConstrainProportionsScale: 0
  m_Children: []
  m_Father: {fileID: 820243988545530359}
  m_LocalEulerAnglesHint: {x: 61.991, y: 43.518, z: 37.716}
--- !u!108 &8000030534841358643
Light:
  m_ObjectHideFlags: 0
  m_CorrespondingSourceObject: {fileID: 0}
  m_PrefabInstance: {fileID: 0}
  m_PrefabAsset: {fileID: 0}
  m_GameObject: {fileID: 4175174715495964044}
  m_Enabled: 1
  serializedVersion: 10
  m_Type: 1
  m_Shape: 0
  m_Color: {r: 1, g: 1, b: 1, a: 1}
  m_Intensity: 0.5
  m_Range: 10
  m_SpotAngle: 30
  m_InnerSpotAngle: 21.80208
  m_CookieSize: 10
  m_Shadows:
    m_Type: 0
    m_Resolution: -1
    m_CustomResolution: -1
    m_Strength: 1
    m_Bias: 0.05
    m_NormalBias: 0.4
    m_NearPlane: 0.2
    m_CullingMatrixOverride:
      e00: 1
      e01: 0
      e02: 0
      e03: 0
      e10: 0
      e11: 1
      e12: 0
      e13: 0
      e20: 0
      e21: 0
      e22: 1
      e23: 0
      e30: 0
      e31: 0
      e32: 0
      e33: 1
    m_UseCullingMatrixOverride: 0
  m_Cookie: {fileID: 0}
  m_DrawHalo: 0
  m_Flare: {fileID: 0}
  m_RenderMode: 0
  m_CullingMask:
    serializedVersion: 2
    m_Bits: 4294967295
  m_RenderingLayerMask: 1
  m_Lightmapping: 4
  m_LightShadowCasterMode: 0
  m_AreaSize: {x: 1, y: 1}
  m_BounceIntensity: 1
  m_ColorTemperature: 6570
  m_UseColorTemperature: 0
  m_BoundingSphereOverride: {x: 0, y: 0, z: 0, w: 0}
  m_UseBoundingSphereOverride: 0
  m_UseViewFrustumForShadowCasterCull: 1
  m_ShadowRadius: 0
  m_ShadowAngle: 0
--- !u!114 &4093186341845595571
MonoBehaviour:
  m_ObjectHideFlags: 0
  m_CorrespondingSourceObject: {fileID: 0}
  m_PrefabInstance: {fileID: 0}
  m_PrefabAsset: {fileID: 0}
  m_GameObject: {fileID: 4175174715495964044}
  m_Enabled: 1
  m_EditorHideFlags: 0
  m_Script: {fileID: 11500000, guid: 474bcb49853aa07438625e644c072ee6, type: 3}
  m_Name: 
  m_EditorClassIdentifier: 
  m_Version: 3
  m_UsePipelineSettings: 1
  m_AdditionalLightsShadowResolutionTier: 2
  m_LightLayerMask: 1
  m_RenderingLayers: 1
  m_CustomShadowLayers: 0
  m_ShadowLayerMask: 1
  m_ShadowRenderingLayers: 1
  m_LightCookieSize: {x: 1, y: 1}
  m_LightCookieOffset: {x: 0, y: 0}
  m_SoftShadowQuality: 1
--- !u!1001 &1995626215
PrefabInstance:
  m_ObjectHideFlags: 0
  serializedVersion: 2
  m_Modification:
    serializedVersion: 3
    m_TransformParent: {fileID: 5974542218591245664}
    m_Modifications:
    - target: {fileID: 481277036234248353, guid: ec9b2deae68645b4eb1fac62dc979a4a,
        type: 3}
      propertyPath: m_Name
      value: Start Node #2
      objectReference: {fileID: 0}
    - target: {fileID: 481277036234248355, guid: ec9b2deae68645b4eb1fac62dc979a4a,
        type: 3}
      propertyPath: m_RootOrder
      value: 1
      objectReference: {fileID: 0}
    - target: {fileID: 481277036234248355, guid: ec9b2deae68645b4eb1fac62dc979a4a,
        type: 3}
      propertyPath: m_LocalPosition.x
      value: -92
      objectReference: {fileID: 0}
    - target: {fileID: 481277036234248355, guid: ec9b2deae68645b4eb1fac62dc979a4a,
        type: 3}
      propertyPath: m_LocalPosition.y
      value: 29.5
      objectReference: {fileID: 0}
    - target: {fileID: 481277036234248355, guid: ec9b2deae68645b4eb1fac62dc979a4a,
        type: 3}
      propertyPath: m_LocalPosition.z
      value: -39
      objectReference: {fileID: 0}
    - target: {fileID: 481277036234248355, guid: ec9b2deae68645b4eb1fac62dc979a4a,
        type: 3}
      propertyPath: m_LocalRotation.w
      value: 1
      objectReference: {fileID: 0}
    - target: {fileID: 481277036234248355, guid: ec9b2deae68645b4eb1fac62dc979a4a,
        type: 3}
      propertyPath: m_LocalRotation.x
      value: -0
      objectReference: {fileID: 0}
    - target: {fileID: 481277036234248355, guid: ec9b2deae68645b4eb1fac62dc979a4a,
        type: 3}
      propertyPath: m_LocalRotation.y
      value: -0
      objectReference: {fileID: 0}
    - target: {fileID: 481277036234248355, guid: ec9b2deae68645b4eb1fac62dc979a4a,
        type: 3}
      propertyPath: m_LocalRotation.z
      value: -0
      objectReference: {fileID: 0}
    - target: {fileID: 481277036234248355, guid: ec9b2deae68645b4eb1fac62dc979a4a,
        type: 3}
      propertyPath: m_LocalEulerAnglesHint.x
      value: 0
      objectReference: {fileID: 0}
    - target: {fileID: 481277036234248355, guid: ec9b2deae68645b4eb1fac62dc979a4a,
        type: 3}
      propertyPath: m_LocalEulerAnglesHint.y
      value: 0
      objectReference: {fileID: 0}
    - target: {fileID: 481277036234248355, guid: ec9b2deae68645b4eb1fac62dc979a4a,
        type: 3}
      propertyPath: m_LocalEulerAnglesHint.z
      value: 0
      objectReference: {fileID: 0}
    m_RemovedComponents: []
    m_RemovedGameObjects: []
    m_AddedGameObjects: []
    m_AddedComponents: []
  m_SourcePrefab: {fileID: 100100000, guid: ec9b2deae68645b4eb1fac62dc979a4a, type: 3}
--- !u!4 &481277037482952260 stripped
Transform:
  m_CorrespondingSourceObject: {fileID: 481277036234248355, guid: ec9b2deae68645b4eb1fac62dc979a4a,
    type: 3}
  m_PrefabInstance: {fileID: 1995626215}
  m_PrefabAsset: {fileID: 0}
--- !u!1001 &820243988096814209
PrefabInstance:
  m_ObjectHideFlags: 0
  serializedVersion: 2
  m_Modification:
    serializedVersion: 3
    m_TransformParent: {fileID: 820243988545530359}
    m_Modifications:
    - target: {fileID: 941390099, guid: 4de15228d42823740aae670908b5bf95, type: 3}
      propertyPath: inventoryCamera
      value: 
      objectReference: {fileID: 820243988616431981}
    - target: {fileID: 941390099, guid: 4de15228d42823740aae670908b5bf95, type: 3}
      propertyPath: InventoryUITransforms.Array.size
      value: 5
      objectReference: {fileID: 0}
    - target: {fileID: 941390099, guid: 4de15228d42823740aae670908b5bf95, type: 3}
      propertyPath: InventoryUITransforms.Array.data[0]
      value: 
      objectReference: {fileID: 820243988666050443}
    - target: {fileID: 941390099, guid: 4de15228d42823740aae670908b5bf95, type: 3}
      propertyPath: InventoryUITransforms.Array.data[1]
      value: 
      objectReference: {fileID: 820243989124709728}
    - target: {fileID: 941390099, guid: 4de15228d42823740aae670908b5bf95, type: 3}
      propertyPath: InventoryUITransforms.Array.data[2]
      value: 
      objectReference: {fileID: 820243988912820833}
    - target: {fileID: 941390099, guid: 4de15228d42823740aae670908b5bf95, type: 3}
      propertyPath: InventoryUITransforms.Array.data[3]
      value: 
      objectReference: {fileID: 820243989254751727}
    - target: {fileID: 941390099, guid: 4de15228d42823740aae670908b5bf95, type: 3}
      propertyPath: InventoryUITransforms.Array.data[4]
      value: 
      objectReference: {fileID: 820243988604097407}
    - target: {fileID: 941390099, guid: 4de15228d42823740aae670908b5bf95, type: 3}
      propertyPath: InventoryUITransforms.Array.data[5]
      value: 
      objectReference: {fileID: 820243988604097407}
    - target: {fileID: 941390099, guid: 4de15228d42823740aae670908b5bf95, type: 3}
      propertyPath: InventoryUITransforms.Array.data[6]
      value: 
      objectReference: {fileID: 820243988604097407}
    - target: {fileID: 941390099, guid: 4de15228d42823740aae670908b5bf95, type: 3}
      propertyPath: InventoryUITransforms.Array.data[7]
      value: 
      objectReference: {fileID: 820243988604097407}
    - target: {fileID: 941390099, guid: 4de15228d42823740aae670908b5bf95, type: 3}
      propertyPath: InventoryUITransforms.Array.data[8]
      value: 
      objectReference: {fileID: 820243988604097407}
    - target: {fileID: 941390099, guid: 4de15228d42823740aae670908b5bf95, type: 3}
      propertyPath: InventoryUITransforms.Array.data[9]
      value: 
      objectReference: {fileID: 820243988604097407}
    - target: {fileID: 414826100336693893, guid: 4de15228d42823740aae670908b5bf95,
        type: 3}
      propertyPath: m_LocalScale.x
      value: 4
      objectReference: {fileID: 0}
    - target: {fileID: 414826100336693893, guid: 4de15228d42823740aae670908b5bf95,
        type: 3}
      propertyPath: m_LocalScale.y
      value: 4
      objectReference: {fileID: 0}
    - target: {fileID: 414826100336693893, guid: 4de15228d42823740aae670908b5bf95,
        type: 3}
      propertyPath: m_LocalScale.z
      value: 4
      objectReference: {fileID: 0}
    - target: {fileID: 414826100336693893, guid: 4de15228d42823740aae670908b5bf95,
        type: 3}
      propertyPath: m_AnchoredPosition.y
      value: -32.5
      objectReference: {fileID: 0}
    - target: {fileID: 2086902218068801394, guid: 4de15228d42823740aae670908b5bf95,
        type: 3}
      propertyPath: m_SizeDelta.x
      value: 10
      objectReference: {fileID: 0}
    - target: {fileID: 2086902218068801394, guid: 4de15228d42823740aae670908b5bf95,
        type: 3}
      propertyPath: m_SizeDelta.y
      value: 10
      objectReference: {fileID: 0}
    - target: {fileID: 5724111193698246992, guid: 4de15228d42823740aae670908b5bf95,
        type: 3}
      propertyPath: m_LocalScale.x
      value: 4
      objectReference: {fileID: 0}
    - target: {fileID: 5724111193698246992, guid: 4de15228d42823740aae670908b5bf95,
        type: 3}
      propertyPath: m_LocalScale.y
      value: 4
      objectReference: {fileID: 0}
    - target: {fileID: 5724111193698246992, guid: 4de15228d42823740aae670908b5bf95,
        type: 3}
      propertyPath: m_LocalScale.z
      value: 4
      objectReference: {fileID: 0}
    - target: {fileID: 6670696398462474526, guid: 4de15228d42823740aae670908b5bf95,
        type: 3}
      propertyPath: m_SizeDelta.x
      value: 300
      objectReference: {fileID: 0}
    - target: {fileID: 6670696398462474526, guid: 4de15228d42823740aae670908b5bf95,
        type: 3}
      propertyPath: m_SizeDelta.y
      value: 300
      objectReference: {fileID: 0}
    - target: {fileID: 7161758728403531601, guid: 4de15228d42823740aae670908b5bf95,
        type: 3}
      propertyPath: m_LocalPosition.y
      value: 5.05
      objectReference: {fileID: 0}
    - target: {fileID: 7969411299684750529, guid: 4de15228d42823740aae670908b5bf95,
        type: 3}
      propertyPath: m_Name
      value: Dumpster
      objectReference: {fileID: 0}
    - target: {fileID: 7969411299684750535, guid: 4de15228d42823740aae670908b5bf95,
        type: 3}
      propertyPath: m_RootOrder
      value: 2
      objectReference: {fileID: 0}
    - target: {fileID: 7969411299684750535, guid: 4de15228d42823740aae670908b5bf95,
        type: 3}
      propertyPath: m_LocalPosition.x
      value: -2.84
      objectReference: {fileID: 0}
    - target: {fileID: 7969411299684750535, guid: 4de15228d42823740aae670908b5bf95,
        type: 3}
      propertyPath: m_LocalPosition.y
      value: 0.5
      objectReference: {fileID: 0}
    - target: {fileID: 7969411299684750535, guid: 4de15228d42823740aae670908b5bf95,
        type: 3}
      propertyPath: m_LocalPosition.z
      value: 5.53
      objectReference: {fileID: 0}
    - target: {fileID: 7969411299684750535, guid: 4de15228d42823740aae670908b5bf95,
        type: 3}
      propertyPath: m_LocalRotation.w
      value: 0.94940364
      objectReference: {fileID: 0}
    - target: {fileID: 7969411299684750535, guid: 4de15228d42823740aae670908b5bf95,
        type: 3}
      propertyPath: m_LocalRotation.x
      value: -0
      objectReference: {fileID: 0}
    - target: {fileID: 7969411299684750535, guid: 4de15228d42823740aae670908b5bf95,
        type: 3}
      propertyPath: m_LocalRotation.y
      value: -0.31405866
      objectReference: {fileID: 0}
    - target: {fileID: 7969411299684750535, guid: 4de15228d42823740aae670908b5bf95,
        type: 3}
      propertyPath: m_LocalRotation.z
      value: -0
      objectReference: {fileID: 0}
    - target: {fileID: 7969411299684750535, guid: 4de15228d42823740aae670908b5bf95,
        type: 3}
      propertyPath: m_LocalEulerAnglesHint.x
      value: 0
      objectReference: {fileID: 0}
    - target: {fileID: 7969411299684750535, guid: 4de15228d42823740aae670908b5bf95,
        type: 3}
      propertyPath: m_LocalEulerAnglesHint.y
      value: -36.608
      objectReference: {fileID: 0}
    - target: {fileID: 7969411299684750535, guid: 4de15228d42823740aae670908b5bf95,
        type: 3}
      propertyPath: m_LocalEulerAnglesHint.z
      value: 0
      objectReference: {fileID: 0}
    m_RemovedComponents: []
    m_RemovedGameObjects: []
    m_AddedGameObjects: []
    m_AddedComponents: []
  m_SourcePrefab: {fileID: 100100000, guid: 4de15228d42823740aae670908b5bf95, type: 3}
--- !u!4 &7348501120401578054 stripped
Transform:
  m_CorrespondingSourceObject: {fileID: 7969411299684750535, guid: 4de15228d42823740aae670908b5bf95,
    type: 3}
  m_PrefabInstance: {fileID: 820243988096814209}
  m_PrefabAsset: {fileID: 0}
--- !u!1001 &878100128124165395
PrefabInstance:
  m_ObjectHideFlags: 0
  serializedVersion: 2
  m_Modification:
    serializedVersion: 3
    m_TransformParent: {fileID: 820243988545530359}
    m_Modifications:
    - target: {fileID: 2132344834941122150, guid: dbdc9785104052a4282a09dd1712e82d,
        type: 3}
      propertyPath: spawnPoints.Array.size
      value: 2
      objectReference: {fileID: 0}
    - target: {fileID: 2132344834941122150, guid: dbdc9785104052a4282a09dd1712e82d,
        type: 3}
      propertyPath: spawnPoints.Array.data[0]
      value: 
      objectReference: {fileID: 5650991183660611342}
    - target: {fileID: 2132344834941122150, guid: dbdc9785104052a4282a09dd1712e82d,
        type: 3}
      propertyPath: spawnPoints.Array.data[1]
      value: 
      objectReference: {fileID: 481277037482952260}
    - target: {fileID: 6829274614999566448, guid: dbdc9785104052a4282a09dd1712e82d,
        type: 3}
      propertyPath: m_Name
      value: Start Point Manager
      objectReference: {fileID: 0}
    - target: {fileID: 6829274614999566451, guid: dbdc9785104052a4282a09dd1712e82d,
        type: 3}
      propertyPath: m_RootOrder
      value: 1
      objectReference: {fileID: 0}
    - target: {fileID: 6829274614999566451, guid: dbdc9785104052a4282a09dd1712e82d,
        type: 3}
      propertyPath: m_LocalPosition.x
      value: 0
      objectReference: {fileID: 0}
    - target: {fileID: 6829274614999566451, guid: dbdc9785104052a4282a09dd1712e82d,
        type: 3}
      propertyPath: m_LocalPosition.y
      value: 0
      objectReference: {fileID: 0}
    - target: {fileID: 6829274614999566451, guid: dbdc9785104052a4282a09dd1712e82d,
        type: 3}
      propertyPath: m_LocalPosition.z
      value: 0
      objectReference: {fileID: 0}
    - target: {fileID: 6829274614999566451, guid: dbdc9785104052a4282a09dd1712e82d,
        type: 3}
      propertyPath: m_LocalRotation.w
      value: 1
      objectReference: {fileID: 0}
    - target: {fileID: 6829274614999566451, guid: dbdc9785104052a4282a09dd1712e82d,
        type: 3}
      propertyPath: m_LocalRotation.x
      value: 0
      objectReference: {fileID: 0}
    - target: {fileID: 6829274614999566451, guid: dbdc9785104052a4282a09dd1712e82d,
        type: 3}
      propertyPath: m_LocalRotation.y
      value: 0
      objectReference: {fileID: 0}
    - target: {fileID: 6829274614999566451, guid: dbdc9785104052a4282a09dd1712e82d,
        type: 3}
      propertyPath: m_LocalRotation.z
      value: 0
      objectReference: {fileID: 0}
    - target: {fileID: 6829274614999566451, guid: dbdc9785104052a4282a09dd1712e82d,
        type: 3}
      propertyPath: m_LocalEulerAnglesHint.x
      value: 0
      objectReference: {fileID: 0}
    - target: {fileID: 6829274614999566451, guid: dbdc9785104052a4282a09dd1712e82d,
        type: 3}
      propertyPath: m_LocalEulerAnglesHint.y
      value: 0
      objectReference: {fileID: 0}
    - target: {fileID: 6829274614999566451, guid: dbdc9785104052a4282a09dd1712e82d,
        type: 3}
      propertyPath: m_LocalEulerAnglesHint.z
      value: 0
      objectReference: {fileID: 0}
    m_RemovedComponents: []
    m_RemovedGameObjects: []
    m_AddedGameObjects:
    - targetCorrespondingSourceObject: {fileID: 6829274614999566451, guid: dbdc9785104052a4282a09dd1712e82d,
        type: 3}
      insertIndex: -1
      addedObject: {fileID: 5650991183660611342}
    - targetCorrespondingSourceObject: {fileID: 6829274614999566451, guid: dbdc9785104052a4282a09dd1712e82d,
        type: 3}
      insertIndex: -1
      addedObject: {fileID: 481277037482952260}
    m_AddedComponents: []
  m_SourcePrefab: {fileID: 100100000, guid: dbdc9785104052a4282a09dd1712e82d, type: 3}
--- !u!4 &5974542218591245664 stripped
Transform:
  m_CorrespondingSourceObject: {fileID: 6829274614999566451, guid: dbdc9785104052a4282a09dd1712e82d,
    type: 3}
  m_PrefabInstance: {fileID: 878100128124165395}
  m_PrefabAsset: {fileID: 0}
--- !u!1001 &1393691972057343103
PrefabInstance:
  m_ObjectHideFlags: 0
  serializedVersion: 2
  m_Modification:
    serializedVersion: 3
    m_TransformParent: {fileID: 820243988545530359}
    m_Modifications:
    - target: {fileID: 1328789348986046074, guid: 62f6d8dfae4524022b8fc6caae6c3748,
        type: 3}
      propertyPath: m_text
      value: 'v: 2023.4.1'
      objectReference: {fileID: 0}
    - target: {fileID: 1744429044961019440, guid: 62f6d8dfae4524022b8fc6caae6c3748,
        type: 3}
      propertyPath: m_Camera
      value: 
      objectReference: {fileID: 820243988616431981}
    - target: {fileID: 1744429044961019443, guid: 62f6d8dfae4524022b8fc6caae6c3748,
        type: 3}
      propertyPath: m_Pivot.x
      value: 0
      objectReference: {fileID: 0}
    - target: {fileID: 1744429044961019443, guid: 62f6d8dfae4524022b8fc6caae6c3748,
        type: 3}
      propertyPath: m_Pivot.y
      value: 0
      objectReference: {fileID: 0}
    - target: {fileID: 1744429044961019443, guid: 62f6d8dfae4524022b8fc6caae6c3748,
        type: 3}
      propertyPath: m_RootOrder
      value: 7
      objectReference: {fileID: 0}
    - target: {fileID: 1744429044961019443, guid: 62f6d8dfae4524022b8fc6caae6c3748,
        type: 3}
      propertyPath: m_AnchorMax.x
      value: 0
      objectReference: {fileID: 0}
    - target: {fileID: 1744429044961019443, guid: 62f6d8dfae4524022b8fc6caae6c3748,
        type: 3}
      propertyPath: m_AnchorMax.y
      value: 0
      objectReference: {fileID: 0}
    - target: {fileID: 1744429044961019443, guid: 62f6d8dfae4524022b8fc6caae6c3748,
        type: 3}
      propertyPath: m_AnchorMin.x
      value: 0
      objectReference: {fileID: 0}
    - target: {fileID: 1744429044961019443, guid: 62f6d8dfae4524022b8fc6caae6c3748,
        type: 3}
      propertyPath: m_AnchorMin.y
      value: 0
      objectReference: {fileID: 0}
    - target: {fileID: 1744429044961019443, guid: 62f6d8dfae4524022b8fc6caae6c3748,
        type: 3}
      propertyPath: m_SizeDelta.x
      value: 0
      objectReference: {fileID: 0}
    - target: {fileID: 1744429044961019443, guid: 62f6d8dfae4524022b8fc6caae6c3748,
        type: 3}
      propertyPath: m_SizeDelta.y
      value: 0
      objectReference: {fileID: 0}
    - target: {fileID: 1744429044961019443, guid: 62f6d8dfae4524022b8fc6caae6c3748,
        type: 3}
      propertyPath: m_LocalPosition.x
      value: 0
      objectReference: {fileID: 0}
    - target: {fileID: 1744429044961019443, guid: 62f6d8dfae4524022b8fc6caae6c3748,
        type: 3}
      propertyPath: m_LocalPosition.y
      value: 0
      objectReference: {fileID: 0}
    - target: {fileID: 1744429044961019443, guid: 62f6d8dfae4524022b8fc6caae6c3748,
        type: 3}
      propertyPath: m_LocalPosition.z
      value: 0
      objectReference: {fileID: 0}
    - target: {fileID: 1744429044961019443, guid: 62f6d8dfae4524022b8fc6caae6c3748,
        type: 3}
      propertyPath: m_LocalRotation.w
      value: 1
      objectReference: {fileID: 0}
    - target: {fileID: 1744429044961019443, guid: 62f6d8dfae4524022b8fc6caae6c3748,
        type: 3}
      propertyPath: m_LocalRotation.x
      value: 0
      objectReference: {fileID: 0}
    - target: {fileID: 1744429044961019443, guid: 62f6d8dfae4524022b8fc6caae6c3748,
        type: 3}
      propertyPath: m_LocalRotation.y
      value: 0
      objectReference: {fileID: 0}
    - target: {fileID: 1744429044961019443, guid: 62f6d8dfae4524022b8fc6caae6c3748,
        type: 3}
      propertyPath: m_LocalRotation.z
      value: 0
      objectReference: {fileID: 0}
    - target: {fileID: 1744429044961019443, guid: 62f6d8dfae4524022b8fc6caae6c3748,
        type: 3}
      propertyPath: m_AnchoredPosition.x
      value: 0
      objectReference: {fileID: 0}
    - target: {fileID: 1744429044961019443, guid: 62f6d8dfae4524022b8fc6caae6c3748,
        type: 3}
      propertyPath: m_AnchoredPosition.y
      value: 0
      objectReference: {fileID: 0}
    - target: {fileID: 1744429044961019443, guid: 62f6d8dfae4524022b8fc6caae6c3748,
        type: 3}
      propertyPath: m_LocalEulerAnglesHint.x
      value: 0
      objectReference: {fileID: 0}
    - target: {fileID: 1744429044961019443, guid: 62f6d8dfae4524022b8fc6caae6c3748,
        type: 3}
      propertyPath: m_LocalEulerAnglesHint.y
      value: 0
      objectReference: {fileID: 0}
    - target: {fileID: 1744429044961019443, guid: 62f6d8dfae4524022b8fc6caae6c3748,
        type: 3}
      propertyPath: m_LocalEulerAnglesHint.z
      value: 0
      objectReference: {fileID: 0}
    - target: {fileID: 1744429044961019455, guid: 62f6d8dfae4524022b8fc6caae6c3748,
        type: 3}
      propertyPath: m_Name
      value: Main UI Canvas
      objectReference: {fileID: 0}
    - target: {fileID: 4434266729760861071, guid: 62f6d8dfae4524022b8fc6caae6c3748,
        type: 3}
      propertyPath: m_IsActive
      value: 0
      objectReference: {fileID: 0}
    - target: {fileID: 4921558992694019043, guid: 62f6d8dfae4524022b8fc6caae6c3748,
        type: 3}
      propertyPath: m_IsActive
      value: 0
      objectReference: {fileID: 0}
    - target: {fileID: 6448152490532465651, guid: 62f6d8dfae4524022b8fc6caae6c3748,
        type: 3}
      propertyPath: m_IsActive
      value: 0
      objectReference: {fileID: 0}
    - target: {fileID: 8826015341003168417, guid: 62f6d8dfae4524022b8fc6caae6c3748,
        type: 3}
      propertyPath: m_Color.a
      value: 0
      objectReference: {fileID: 0}
    m_RemovedComponents: []
    m_RemovedGameObjects: []
    m_AddedGameObjects: []
    m_AddedComponents: []
  m_SourcePrefab: {fileID: 100100000, guid: 62f6d8dfae4524022b8fc6caae6c3748, type: 3}
--- !u!224 &820243988036198988 stripped
RectTransform:
  m_CorrespondingSourceObject: {fileID: 1744429044961019443, guid: 62f6d8dfae4524022b8fc6caae6c3748,
    type: 3}
  m_PrefabInstance: {fileID: 1393691972057343103}
  m_PrefabAsset: {fileID: 0}
--- !u!1001 &1470059995684906238
PrefabInstance:
  m_ObjectHideFlags: 0
  serializedVersion: 2
  m_Modification:
    serializedVersion: 3
    m_TransformParent: {fileID: 820243988545530359}
    m_Modifications:
    - target: {fileID: 186191203, guid: f200d34419fc3417e8188d6f94ab3047, type: 3}
      propertyPath: trackedTransform
      value: 
      objectReference: {fileID: 6967249280413672119}
    - target: {fileID: 763351637, guid: f200d34419fc3417e8188d6f94ab3047, type: 3}
      propertyPath: recipientGameObjects.Array.size
      value: 1
      objectReference: {fileID: 0}
    - target: {fileID: 763351637, guid: f200d34419fc3417e8188d6f94ab3047, type: 3}
      propertyPath: recipientGameObjects.Array.data[0]
      value: 
      objectReference: {fileID: 9187585064386569754}
    - target: {fileID: 1083389719, guid: f200d34419fc3417e8188d6f94ab3047, type: 3}
      propertyPath: m_Enabled
      value: 0
      objectReference: {fileID: 0}
    - target: {fileID: 1083389719, guid: f200d34419fc3417e8188d6f94ab3047, type: 3}
      propertyPath: recordTelemetry
      value: 1
      objectReference: {fileID: 0}
    - target: {fileID: 3374432678269993699, guid: f200d34419fc3417e8188d6f94ab3047,
        type: 3}
      propertyPath: text
      value: 'Rocky is controlled by its PlayerControl child GameObject.


        Keyboard
        Input:

        - Move: WASD, Arrow Keys

        - Look: QR or Right-Click
        + Mouse movement

        - Jump: Space

        - Crouch / GroundPound:
        C, X, Shift

        - Long Jump: Run, tap Crouch, then Jump

        - NoClip:
        ` (Backtick on Tilde key)

        - Jump to Spawn Point: Number keys


        Gamepad
        Input:

        - Mov: Left stick

        - Look: Right stick

        -
        Jump: South button, East button

        - Crouch / GroundPound: L or R shoulder
        or trigger

        - Long Jump: Run, tap Crouch, then Jump'
      objectReference: {fileID: 0}
    - target: {fileID: 8418942430609504208, guid: f200d34419fc3417e8188d6f94ab3047,
        type: 3}
      propertyPath: cameraBrain
      value: 
      objectReference: {fileID: 0}
    - target: {fileID: 8418942430609504208, guid: f200d34419fc3417e8188d6f94ab3047,
        type: 3}
      propertyPath: cameraTransform
      value: 
      objectReference: {fileID: 9187585064386569755}
    - target: {fileID: 8418942430609504209, guid: f200d34419fc3417e8188d6f94ab3047,
        type: 3}
      propertyPath: m_Camera
      value: 
      objectReference: {fileID: 9187585064564143151}
    - target: {fileID: 8418942432571852361, guid: f200d34419fc3417e8188d6f94ab3047,
        type: 3}
      propertyPath: m_RootOrder
      value: 0
      objectReference: {fileID: 0}
    - target: {fileID: 8418942432571852361, guid: f200d34419fc3417e8188d6f94ab3047,
        type: 3}
      propertyPath: m_LocalPosition.x
      value: 0
      objectReference: {fileID: 0}
    - target: {fileID: 8418942432571852361, guid: f200d34419fc3417e8188d6f94ab3047,
        type: 3}
      propertyPath: m_LocalPosition.y
      value: 0
      objectReference: {fileID: 0}
    - target: {fileID: 8418942432571852361, guid: f200d34419fc3417e8188d6f94ab3047,
        type: 3}
      propertyPath: m_LocalPosition.z
      value: 0
      objectReference: {fileID: 0}
    - target: {fileID: 8418942432571852361, guid: f200d34419fc3417e8188d6f94ab3047,
        type: 3}
      propertyPath: m_LocalRotation.w
      value: 1
      objectReference: {fileID: 0}
    - target: {fileID: 8418942432571852361, guid: f200d34419fc3417e8188d6f94ab3047,
        type: 3}
      propertyPath: m_LocalRotation.x
      value: 0
      objectReference: {fileID: 0}
    - target: {fileID: 8418942432571852361, guid: f200d34419fc3417e8188d6f94ab3047,
        type: 3}
      propertyPath: m_LocalRotation.y
      value: 0
      objectReference: {fileID: 0}
    - target: {fileID: 8418942432571852361, guid: f200d34419fc3417e8188d6f94ab3047,
        type: 3}
      propertyPath: m_LocalRotation.z
      value: 0
      objectReference: {fileID: 0}
    - target: {fileID: 8418942432571852361, guid: f200d34419fc3417e8188d6f94ab3047,
        type: 3}
      propertyPath: m_LocalEulerAnglesHint.x
      value: 0
      objectReference: {fileID: 0}
    - target: {fileID: 8418942432571852361, guid: f200d34419fc3417e8188d6f94ab3047,
        type: 3}
      propertyPath: m_LocalEulerAnglesHint.y
      value: 0
      objectReference: {fileID: 0}
    - target: {fileID: 8418942432571852361, guid: f200d34419fc3417e8188d6f94ab3047,
        type: 3}
      propertyPath: m_LocalEulerAnglesHint.z
      value: 0
      objectReference: {fileID: 0}
    - target: {fileID: 8418942432571852365, guid: f200d34419fc3417e8188d6f94ab3047,
        type: 3}
      propertyPath: m_Name
      value: Rocky
      objectReference: {fileID: 0}
    - target: {fileID: 8418942432571852365, guid: f200d34419fc3417e8188d6f94ab3047,
        type: 3}
      propertyPath: m_IsActive
      value: 1
      objectReference: {fileID: 0}
    m_RemovedComponents: []
    m_RemovedGameObjects: []
    m_AddedGameObjects: []
    m_AddedComponents: []
  m_SourcePrefab: {fileID: 100100000, guid: f200d34419fc3417e8188d6f94ab3047, type: 3}
--- !u!4 &6149419702548158626 stripped
Transform:
  m_CorrespondingSourceObject: {fileID: 4697697945915784284, guid: f200d34419fc3417e8188d6f94ab3047,
    type: 3}
  m_PrefabInstance: {fileID: 1470059995684906238}
  m_PrefabAsset: {fileID: 0}
--- !u!4 &6967249280413672119 stripped
Transform:
  m_CorrespondingSourceObject: {fileID: 8418942432571852361, guid: f200d34419fc3417e8188d6f94ab3047,
    type: 3}
  m_PrefabInstance: {fileID: 1470059995684906238}
  m_PrefabAsset: {fileID: 0}
--- !u!1001 &5242625787558881197
PrefabInstance:
  m_ObjectHideFlags: 0
  serializedVersion: 2
  m_Modification:
    serializedVersion: 3
    m_TransformParent: {fileID: 5974542218591245664}
    m_Modifications:
    - target: {fileID: 481277036234248353, guid: ec9b2deae68645b4eb1fac62dc979a4a,
        type: 3}
      propertyPath: m_Name
      value: Start Node #1
      objectReference: {fileID: 0}
    - target: {fileID: 481277036234248355, guid: ec9b2deae68645b4eb1fac62dc979a4a,
        type: 3}
      propertyPath: m_RootOrder
      value: 0
      objectReference: {fileID: 0}
    - target: {fileID: 481277036234248355, guid: ec9b2deae68645b4eb1fac62dc979a4a,
        type: 3}
      propertyPath: m_LocalPosition.x
      value: 7
      objectReference: {fileID: 0}
    - target: {fileID: 481277036234248355, guid: ec9b2deae68645b4eb1fac62dc979a4a,
        type: 3}
      propertyPath: m_LocalPosition.y
      value: 1
      objectReference: {fileID: 0}
    - target: {fileID: 481277036234248355, guid: ec9b2deae68645b4eb1fac62dc979a4a,
        type: 3}
      propertyPath: m_LocalPosition.z
      value: 2
      objectReference: {fileID: 0}
    - target: {fileID: 481277036234248355, guid: ec9b2deae68645b4eb1fac62dc979a4a,
        type: 3}
      propertyPath: m_LocalRotation.w
      value: -0.7193637
      objectReference: {fileID: 0}
    - target: {fileID: 481277036234248355, guid: ec9b2deae68645b4eb1fac62dc979a4a,
        type: 3}
      propertyPath: m_LocalRotation.x
      value: 0.0060221013
      objectReference: {fileID: 0}
    - target: {fileID: 481277036234248355, guid: ec9b2deae68645b4eb1fac62dc979a4a,
        type: 3}
      propertyPath: m_LocalRotation.y
      value: 0.694601
      objectReference: {fileID: 0}
    - target: {fileID: 481277036234248355, guid: ec9b2deae68645b4eb1fac62dc979a4a,
        type: 3}
      propertyPath: m_LocalRotation.z
      value: -0.0030332147
      objectReference: {fileID: 0}
    - target: {fileID: 481277036234248355, guid: ec9b2deae68645b4eb1fac62dc979a4a,
        type: 3}
      propertyPath: m_LocalEulerAnglesHint.x
      value: -0.255
      objectReference: {fileID: 0}
    - target: {fileID: 481277036234248355, guid: ec9b2deae68645b4eb1fac62dc979a4a,
        type: 3}
      propertyPath: m_LocalEulerAnglesHint.y
      value: 272.005
      objectReference: {fileID: 0}
    - target: {fileID: 481277036234248355, guid: ec9b2deae68645b4eb1fac62dc979a4a,
        type: 3}
      propertyPath: m_LocalEulerAnglesHint.z
      value: 0.729
      objectReference: {fileID: 0}
    m_RemovedComponents: []
    m_RemovedGameObjects: []
    m_AddedGameObjects: []
    m_AddedComponents: []
  m_SourcePrefab: {fileID: 100100000, guid: ec9b2deae68645b4eb1fac62dc979a4a, type: 3}
--- !u!4 &5650991183660611342 stripped
Transform:
  m_CorrespondingSourceObject: {fileID: 481277036234248355, guid: ec9b2deae68645b4eb1fac62dc979a4a,
    type: 3}
  m_PrefabInstance: {fileID: 5242625787558881197}
  m_PrefabAsset: {fileID: 0}
--- !u!1001 &5290515074048100983
PrefabInstance:
  m_ObjectHideFlags: 0
  serializedVersion: 2
  m_Modification:
    serializedVersion: 3
    m_TransformParent: {fileID: 820243988545530359}
    m_Modifications:
    - target: {fileID: 3957384918563765848, guid: 31847b9132263464fb49c1e67b274613,
        type: 3}
      propertyPath: m_Enabled
      value: 1
      objectReference: {fileID: 0}
    - target: {fileID: 3957384918563765854, guid: 31847b9132263464fb49c1e67b274613,
        type: 3}
      propertyPath: m_Cameras.Array.data[0]
      value: 
      objectReference: {fileID: 820243988616431981}
    - target: {fileID: 3957384918742220884, guid: 31847b9132263464fb49c1e67b274613,
        type: 3}
      propertyPath: m_Enabled
      value: 1
      objectReference: {fileID: 0}
    - target: {fileID: 3957384918742220888, guid: 31847b9132263464fb49c1e67b274613,
        type: 3}
      propertyPath: m_IsActive
      value: 0
      objectReference: {fileID: 0}
    - target: {fileID: 3957384918875417708, guid: 31847b9132263464fb49c1e67b274613,
        type: 3}
      propertyPath: m_RootOrder
      value: 9
      objectReference: {fileID: 0}
    - target: {fileID: 3957384918875417708, guid: 31847b9132263464fb49c1e67b274613,
        type: 3}
      propertyPath: m_LocalPosition.x
      value: 0
      objectReference: {fileID: 0}
    - target: {fileID: 3957384918875417708, guid: 31847b9132263464fb49c1e67b274613,
        type: 3}
      propertyPath: m_LocalPosition.y
      value: 0
      objectReference: {fileID: 0}
    - target: {fileID: 3957384918875417708, guid: 31847b9132263464fb49c1e67b274613,
        type: 3}
      propertyPath: m_LocalPosition.z
      value: 0
      objectReference: {fileID: 0}
    - target: {fileID: 3957384918875417708, guid: 31847b9132263464fb49c1e67b274613,
        type: 3}
      propertyPath: m_LocalRotation.w
      value: 0.9659258
      objectReference: {fileID: 0}
    - target: {fileID: 3957384918875417708, guid: 31847b9132263464fb49c1e67b274613,
        type: 3}
      propertyPath: m_LocalRotation.x
      value: 0.2588191
      objectReference: {fileID: 0}
    - target: {fileID: 3957384918875417708, guid: 31847b9132263464fb49c1e67b274613,
        type: 3}
      propertyPath: m_LocalRotation.y
      value: 0
      objectReference: {fileID: 0}
    - target: {fileID: 3957384918875417708, guid: 31847b9132263464fb49c1e67b274613,
        type: 3}
      propertyPath: m_LocalRotation.z
      value: 0
      objectReference: {fileID: 0}
    - target: {fileID: 3957384918875417708, guid: 31847b9132263464fb49c1e67b274613,
        type: 3}
      propertyPath: m_LocalEulerAnglesHint.x
      value: 30
      objectReference: {fileID: 0}
    - target: {fileID: 3957384918875417708, guid: 31847b9132263464fb49c1e67b274613,
        type: 3}
      propertyPath: m_LocalEulerAnglesHint.y
      value: 0
      objectReference: {fileID: 0}
    - target: {fileID: 3957384918875417708, guid: 31847b9132263464fb49c1e67b274613,
        type: 3}
      propertyPath: m_LocalEulerAnglesHint.z
      value: 0
      objectReference: {fileID: 0}
    - target: {fileID: 3957384918875417709, guid: 31847b9132263464fb49c1e67b274613,
        type: 3}
      propertyPath: m_Name
      value: Game_Camera
      objectReference: {fileID: 0}
    - target: {fileID: 3957384918875417710, guid: 31847b9132263464fb49c1e67b274613,
        type: 3}
      propertyPath: lookAt
      value: 
      objectReference: {fileID: 6149419702548158626}
    - target: {fileID: 3957384918875417710, guid: 31847b9132263464fb49c1e67b274613,
        type: 3}
      propertyPath: updateMode
      value: 0
      objectReference: {fileID: 0}
    - target: {fileID: 3957384918875417710, guid: 31847b9132263464fb49c1e67b274613,
        type: 3}
      propertyPath: pointOfInterest
      value: 
      objectReference: {fileID: 6967249280413672119}
    - target: {fileID: 3957384918875417711, guid: 31847b9132263464fb49c1e67b274613,
        type: 3}
      propertyPath: poi
      value: 
      objectReference: {fileID: 6149419702548158626}
    - target: {fileID: 3957384918875417711, guid: 31847b9132263464fb49c1e67b274613,
        type: 3}
      propertyPath: m_Enabled
      value: 0
      objectReference: {fileID: 0}
    - target: {fileID: 3957384919430593360, guid: 31847b9132263464fb49c1e67b274613,
        type: 3}
      propertyPath: m_IsActive
      value: 1
      objectReference: {fileID: 0}
    m_RemovedComponents: []
    m_RemovedGameObjects: []
    m_AddedGameObjects: []
    m_AddedComponents: []
  m_SourcePrefab: {fileID: 100100000, guid: 31847b9132263464fb49c1e67b274613, type: 3}
--- !u!1 &9187585064386569754 stripped
GameObject:
  m_CorrespondingSourceObject: {fileID: 3957384918875417709, guid: 31847b9132263464fb49c1e67b274613,
    type: 3}
  m_PrefabInstance: {fileID: 5290515074048100983}
  m_PrefabAsset: {fileID: 0}
--- !u!4 &9187585064386569755 stripped
Transform:
  m_CorrespondingSourceObject: {fileID: 3957384918875417708, guid: 31847b9132263464fb49c1e67b274613,
    type: 3}
  m_PrefabInstance: {fileID: 5290515074048100983}
  m_PrefabAsset: {fileID: 0}
--- !u!20 &9187585064564143151 stripped
Camera:
  m_CorrespondingSourceObject: {fileID: 3957384918563765848, guid: 31847b9132263464fb49c1e67b274613,
    type: 3}
  m_PrefabInstance: {fileID: 5290515074048100983}
  m_PrefabAsset: {fileID: 0}
