%YAML 1.1
%TAG !u! tag:unity3d.com,2011:
--- !u!1 &1344391488
GameObject:
  m_ObjectHideFlags: 0
  m_CorrespondingSourceObject: {fileID: 0}
  m_PrefabInstance: {fileID: 0}
  m_PrefabAsset: {fileID: 0}
  serializedVersion: 6
  m_Component:
  - component: {fileID: 1344391489}
  - component: {fileID: 1344391491}
  - component: {fileID: 1344391490}
  m_Layer: 7
  m_Name: Hurtbox
  m_TagString: Untagged
  m_Icon: {fileID: 0}
  m_NavMeshLayer: 0
  m_StaticEditorFlags: 0
  m_IsActive: 1
--- !u!4 &1344391489
Transform:
  m_ObjectHideFlags: 0
  m_CorrespondingSourceObject: {fileID: 0}
  m_PrefabInstance: {fileID: 0}
  m_PrefabAsset: {fileID: 0}
  m_GameObject: {fileID: 1344391488}
  m_LocalRotation: {x: 0, y: 0, z: 0, w: 1}
  m_LocalPosition: {x: 0, y: 0, z: 0}
  m_LocalScale: {x: 1, y: 1, z: 1}
  m_ConstrainProportionsScale: 0
  m_Children: []
  m_Father: {fileID: 2053831583}
  m_RootOrder: 1
  m_LocalEulerAnglesHint: {x: 0, y: 0, z: 0}
--- !u!65 &1344391491
BoxCollider:
  m_ObjectHideFlags: 0
  m_CorrespondingSourceObject: {fileID: 0}
  m_PrefabInstance: {fileID: 0}
  m_PrefabAsset: {fileID: 0}
  m_GameObject: {fileID: 1344391488}
  m_Material: {fileID: 0}
  m_IsTrigger: 1
  m_Enabled: 1
  serializedVersion: 2
  m_Size: {x: 1.2, y: 0.3333372, z: 1.2}
  m_Center: {x: 0, y: 0.2527693, z: 0}
--- !u!114 &1344391490
MonoBehaviour:
  m_ObjectHideFlags: 0
  m_CorrespondingSourceObject: {fileID: 0}
  m_PrefabInstance: {fileID: 0}
  m_PrefabAsset: {fileID: 0}
  m_GameObject: {fileID: 1344391488}
  m_Enabled: 1
  m_EditorHideFlags: 0
  m_Script: {fileID: 11500000, guid: e111b0b8c11aa334e8ff018fc7e1bdee, type: 3}
  m_Name: 
  m_EditorClassIdentifier: 
  onHitboxEnter:
    m_PersistentCalls:
      m_Calls:
      - m_Target: {fileID: 1083246757}
        m_TargetAssemblyTypeName: Enemy, Assembly-CSharp
        m_MethodName: HurtPlayer
        m_Mode: 0
        m_Arguments:
          m_ObjectArgument: {fileID: 0}
          m_ObjectArgumentAssemblyTypeName: UnityEngine.Object, UnityEngine
          m_IntArgument: 0
          m_FloatArgument: 0
          m_StringArgument: 
          m_BoolArgument: 0
        m_CallState: 2
  onHitboxExit:
    m_PersistentCalls:
      m_Calls: []
  onHitboxClassEnter:
    m_PersistentCalls:
      m_Calls:
      - m_Target: {fileID: 1083246757}
        m_TargetAssemblyTypeName: Enemy, Assembly-CSharp
        m_MethodName: HurtPlayer
        m_Mode: 0
        m_Arguments:
          m_ObjectArgument: {fileID: 0}
          m_ObjectArgumentAssemblyTypeName: UnityEngine.Object, UnityEngine
          m_IntArgument: 0
          m_FloatArgument: 0
          m_StringArgument: 
          m_BoolArgument: 0
        m_CallState: 2
  onHitboxClassExit:
    m_PersistentCalls:
      m_Calls: []
  collThatHitMe: {fileID: 0}
--- !u!1 &1778451503
GameObject:
  m_ObjectHideFlags: 0
  m_CorrespondingSourceObject: {fileID: 0}
  m_PrefabInstance: {fileID: 0}
  m_PrefabAsset: {fileID: 0}
  serializedVersion: 6
  m_Component:
  - component: {fileID: 1778451504}
  - component: {fileID: 1778451506}
  - component: {fileID: 1778451505}
  m_Layer: 7
  m_Name: JumpedOnHitbox
  m_TagString: Untagged
  m_Icon: {fileID: 0}
  m_NavMeshLayer: 0
  m_StaticEditorFlags: 0
  m_IsActive: 1
--- !u!4 &1778451504
Transform:
  m_ObjectHideFlags: 0
  m_CorrespondingSourceObject: {fileID: 0}
  m_PrefabInstance: {fileID: 0}
  m_PrefabAsset: {fileID: 0}
  m_GameObject: {fileID: 1778451503}
  m_LocalRotation: {x: 0, y: 0, z: 0, w: 1}
  m_LocalPosition: {x: 0, y: 0, z: 0}
  m_LocalScale: {x: 1, y: 1, z: 1}
  m_ConstrainProportionsScale: 0
  m_Children: []
  m_Father: {fileID: 2053831583}
  m_RootOrder: 0
  m_LocalEulerAnglesHint: {x: 0, y: 0, z: 0}
--- !u!65 &1778451506
BoxCollider:
  m_ObjectHideFlags: 0
  m_CorrespondingSourceObject: {fileID: 0}
  m_PrefabInstance: {fileID: 0}
  m_PrefabAsset: {fileID: 0}
  m_GameObject: {fileID: 1778451503}
  m_Material: {fileID: 0}
  m_IsTrigger: 1
  m_Enabled: 1
  serializedVersion: 2
  m_Size: {x: 0.8, y: 0.70279706, z: 0.67}
  m_Center: {x: -0.02402134, y: 1.3713998, z: -0.012742975}
--- !u!114 &1778451505
MonoBehaviour:
  m_ObjectHideFlags: 0
  m_CorrespondingSourceObject: {fileID: 0}
  m_PrefabInstance: {fileID: 0}
  m_PrefabAsset: {fileID: 0}
  m_GameObject: {fileID: 1778451503}
  m_Enabled: 1
  m_EditorHideFlags: 0
  m_Script: {fileID: 11500000, guid: e111b0b8c11aa334e8ff018fc7e1bdee, type: 3}
  m_Name: 
  m_EditorClassIdentifier: 
  onHitboxEnter:
    m_PersistentCalls:
      m_Calls:
      - m_Target: {fileID: 1083246757}
        m_TargetAssemblyTypeName: Enemy, Assembly-CSharp
        m_MethodName: CheckIfJumpedOn
        m_Mode: 0
        m_Arguments:
          m_ObjectArgument: {fileID: 0}
          m_ObjectArgumentAssemblyTypeName: UnityEngine.Object, UnityEngine
          m_IntArgument: 0
          m_FloatArgument: 0
          m_StringArgument: 
          m_BoolArgument: 0
        m_CallState: 2
  onHitboxExit:
    m_PersistentCalls:
      m_Calls: []
  onHitboxClassEnter:
    m_PersistentCalls:
      m_Calls:
      - m_Target: {fileID: 1083246757}
        m_TargetAssemblyTypeName: Enemy, Assembly-CSharp
        m_MethodName: CheckIfJumpedOn
        m_Mode: 0
        m_Arguments:
          m_ObjectArgument: {fileID: 0}
          m_ObjectArgumentAssemblyTypeName: UnityEngine.Object, UnityEngine
          m_IntArgument: 0
          m_FloatArgument: 0
          m_StringArgument: 
          m_BoolArgument: 0
        m_CallState: 2
  onHitboxClassExit:
    m_PersistentCalls:
      m_Calls: []
  collThatHitMe: {fileID: 0}
--- !u!1 &1904338005
GameObject:
  m_ObjectHideFlags: 0
  m_CorrespondingSourceObject: {fileID: 0}
  m_PrefabInstance: {fileID: 0}
  m_PrefabAsset: {fileID: 0}
  serializedVersion: 6
  m_Component:
  - component: {fileID: 1904338006}
  m_Layer: 7
  m_Name: Pouch Exit Transform
  m_TagString: Untagged
  m_Icon: {fileID: 0}
  m_NavMeshLayer: 0
  m_StaticEditorFlags: 0
  m_IsActive: 1
--- !u!4 &1904338006
Transform:
  m_ObjectHideFlags: 0
  m_CorrespondingSourceObject: {fileID: 0}
  m_PrefabInstance: {fileID: 0}
  m_PrefabAsset: {fileID: 0}
  m_GameObject: {fileID: 1904338005}
  m_LocalRotation: {x: 0, y: 0, z: 0, w: 1}
  m_LocalPosition: {x: 0.325, y: 0.528, z: 0}
  m_LocalScale: {x: 1, y: 1, z: 1}
  m_ConstrainProportionsScale: 0
  m_Children: []
  m_Father: {fileID: 7156254321087269578}
  m_RootOrder: 1
  m_LocalEulerAnglesHint: {x: 0, y: 0, z: 0}
--- !u!1 &2053831582
GameObject:
  m_ObjectHideFlags: 0
  m_CorrespondingSourceObject: {fileID: 0}
  m_PrefabInstance: {fileID: 0}
  m_PrefabAsset: {fileID: 0}
  serializedVersion: 6
  m_Component:
  - component: {fileID: 2053831583}
  m_Layer: 7
  m_Name: Hitboxes
  m_TagString: Untagged
  m_Icon: {fileID: 0}
  m_NavMeshLayer: 0
  m_StaticEditorFlags: 0
  m_IsActive: 1
--- !u!4 &2053831583
Transform:
  m_ObjectHideFlags: 0
  m_CorrespondingSourceObject: {fileID: 0}
  m_PrefabInstance: {fileID: 0}
  m_PrefabAsset: {fileID: 0}
  m_GameObject: {fileID: 2053831582}
  m_LocalRotation: {x: 0, y: 0, z: 0, w: 1}
  m_LocalPosition: {x: 0, y: 0, z: 0}
  m_LocalScale: {x: 1, y: 1, z: 1}
  m_ConstrainProportionsScale: 0
  m_Children:
  - {fileID: 1778451504}
  - {fileID: 1344391489}
  m_Father: {fileID: 7156254321087269578}
  m_RootOrder: 2
  m_LocalEulerAnglesHint: {x: 0, y: 0, z: 0}
--- !u!1 &4493053337355963794
GameObject:
  m_ObjectHideFlags: 0
  m_CorrespondingSourceObject: {fileID: 0}
  m_PrefabInstance: {fileID: 0}
  m_PrefabAsset: {fileID: 0}
  serializedVersion: 6
  m_Component:
  - component: {fileID: 4698876315554804920}
  m_Layer: 7
  m_Name: Graphics
  m_TagString: Untagged
  m_Icon: {fileID: 0}
  m_NavMeshLayer: 0
  m_StaticEditorFlags: 0
  m_IsActive: 1
--- !u!4 &4698876315554804920
Transform:
  m_ObjectHideFlags: 0
  m_CorrespondingSourceObject: {fileID: 0}
  m_PrefabInstance: {fileID: 0}
  m_PrefabAsset: {fileID: 0}
  m_GameObject: {fileID: 4493053337355963794}
  m_LocalRotation: {x: 0, y: 0, z: 0, w: 1}
  m_LocalPosition: {x: 0, y: 0.538, z: 0}
  m_LocalScale: {x: 0.8, y: 0.8, z: 0.8}
  m_ConstrainProportionsScale: 0
  m_Children:
  - {fileID: 4826194529678612224}
  m_Father: {fileID: 7156254321087269578}
  m_RootOrder: 0
  m_LocalEulerAnglesHint: {x: 0, y: 0, z: 0}
--- !u!1 &7156254321087269581
GameObject:
  m_ObjectHideFlags: 0
  m_CorrespondingSourceObject: {fileID: 0}
  m_PrefabInstance: {fileID: 0}
  m_PrefabAsset: {fileID: 0}
  serializedVersion: 6
  m_Component:
  - component: {fileID: 7156254321087269578}
  - component: {fileID: 1083246757}
  - component: {fileID: 7156254321087269579}
  - component: {fileID: 7156254321087269576}
  - component: {fileID: 613634928964994230}
  m_Layer: 7
  m_Name: PossumBaby
  m_TagString: Untagged
  m_Icon: {fileID: 0}
  m_NavMeshLayer: 0
  m_StaticEditorFlags: 0
  m_IsActive: 1
--- !u!4 &7156254321087269578
Transform:
  m_ObjectHideFlags: 0
  m_CorrespondingSourceObject: {fileID: 0}
  m_PrefabInstance: {fileID: 0}
  m_PrefabAsset: {fileID: 0}
  m_GameObject: {fileID: 7156254321087269581}
  m_LocalRotation: {x: 0, y: -0.11009862, z: 0, w: 0.9939207}
  m_LocalPosition: {x: 9.3, y: 0.52, z: -3.57}
  m_LocalScale: {x: 0.6, y: 0.6, z: 0.6}
  m_ConstrainProportionsScale: 0
  m_Children:
  - {fileID: 4698876315554804920}
  - {fileID: 1904338006}
  - {fileID: 2053831583}
  m_Father: {fileID: 0}
  m_RootOrder: 0
  m_LocalEulerAnglesHint: {x: 0, y: -12.642, z: 0}
--- !u!114 &1083246757
MonoBehaviour:
  m_ObjectHideFlags: 0
  m_CorrespondingSourceObject: {fileID: 0}
  m_PrefabInstance: {fileID: 0}
  m_PrefabAsset: {fileID: 0}
  m_GameObject: {fileID: 7156254321087269581}
  m_Enabled: 1
  m_EditorHideFlags: 0
  m_Script: {fileID: 11500000, guid: 4c4aabce94a57264690acfa8c71efd11, type: 3}
  m_Name: 
  m_EditorClassIdentifier: 
  agent: {fileID: 0}
  health: 0
  vulnerableToDamage: 1
  speed: 3
  patrolPoints: []
  patrolObject: {fileID: 0}
  switchToCustomPoints: 0
  patrolRadius: 5
  minIdleTime: 2
  maxIdleTime: 4
  aggroRange: 9
  escapeRange: 15
  babyPossumPrefab: {fileID: 7156254321087269581, guid: edb3cf9a4bbefff43b15f35e1952989e,
    type: 3}
  numberBabiesToSpawn: 3
  graphicsGameObject: {fileID: 4493053337355963794}
  pouchExitTransform: {fileID: 1904338006}
  babySpawnMagnitude: 6
  hitboxGameObject: {fileID: 2053831582}
  babySpawnDirection: {x: 0, y: 0, z: 0}
  startTest: 0
  animator: {fileID: 1448534612703743354}
--- !u!195 &7156254321087269579
NavMeshAgent:
  m_ObjectHideFlags: 0
  m_CorrespondingSourceObject: {fileID: 0}
  m_PrefabInstance: {fileID: 0}
  m_PrefabAsset: {fileID: 0}
  m_GameObject: {fileID: 7156254321087269581}
  m_Enabled: 1
  m_AgentTypeID: 0
  m_Radius: 0.3
  m_Speed: 3.5
  m_Acceleration: 8
  avoidancePriority: 50
  m_AngularSpeed: 120
  m_StoppingDistance: 0
  m_AutoTraverseOffMeshLink: 1
  m_AutoBraking: 1
  m_AutoRepath: 1
  m_Height: 1
  m_BaseOffset: 0
  m_WalkableMask: 4294967295
  m_ObstacleAvoidanceType: 4
--- !u!54 &7156254321087269576
Rigidbody:
  m_ObjectHideFlags: 0
  m_CorrespondingSourceObject: {fileID: 0}
  m_PrefabInstance: {fileID: 0}
  m_PrefabAsset: {fileID: 0}
  m_GameObject: {fileID: 7156254321087269581}
  serializedVersion: 2
  m_Mass: 1
  m_Drag: 0
  m_AngularDrag: 0.05
  m_UseGravity: 0
  m_IsKinematic: 1
  m_Interpolate: 0
  m_Constraints: 80
  m_CollisionDetection: 0
--- !u!114 &613634928964994230
MonoBehaviour:
  m_ObjectHideFlags: 0
  m_CorrespondingSourceObject: {fileID: 0}
  m_PrefabInstance: {fileID: 0}
  m_PrefabAsset: {fileID: 0}
  m_GameObject: {fileID: 7156254321087269581}
  m_Enabled: 1
  m_EditorHideFlags: 0
  m_Script: {fileID: 11500000, guid: 4449c1aa27212594f93da70bf99175cc, type: 3}
  m_Name: 
  m_EditorClassIdentifier: 
  trashHeldEmptyTransform: {fileID: 0}
--- !u!1001 &5003691771282075883
PrefabInstance:
  m_ObjectHideFlags: 0
  serializedVersion: 2
  m_Modification:
    m_TransformParent: {fileID: 4698876315554804920}
    m_Modifications:
    - target: {fileID: -8679921383154817045, guid: a21e9239cc30cee4780bdbee70aa8158,
        type: 3}
      propertyPath: m_RootOrder
      value: 0
      objectReference: {fileID: 0}
    - target: {fileID: -8679921383154817045, guid: a21e9239cc30cee4780bdbee70aa8158,
        type: 3}
      propertyPath: m_LocalPosition.x
      value: 0
      objectReference: {fileID: 0}
    - target: {fileID: -8679921383154817045, guid: a21e9239cc30cee4780bdbee70aa8158,
        type: 3}
      propertyPath: m_LocalPosition.y
      value: -0.821
      objectReference: {fileID: 0}
    - target: {fileID: -8679921383154817045, guid: a21e9239cc30cee4780bdbee70aa8158,
        type: 3}
      propertyPath: m_LocalPosition.z
      value: 0
      objectReference: {fileID: 0}
    - target: {fileID: -8679921383154817045, guid: a21e9239cc30cee4780bdbee70aa8158,
        type: 3}
      propertyPath: m_LocalRotation.w
      value: 1
      objectReference: {fileID: 0}
    - target: {fileID: -8679921383154817045, guid: a21e9239cc30cee4780bdbee70aa8158,
        type: 3}
      propertyPath: m_LocalRotation.x
      value: 0
      objectReference: {fileID: 0}
    - target: {fileID: -8679921383154817045, guid: a21e9239cc30cee4780bdbee70aa8158,
        type: 3}
      propertyPath: m_LocalRotation.y
      value: 0
      objectReference: {fileID: 0}
    - target: {fileID: -8679921383154817045, guid: a21e9239cc30cee4780bdbee70aa8158,
        type: 3}
      propertyPath: m_LocalRotation.z
      value: 0
      objectReference: {fileID: 0}
    - target: {fileID: -8679921383154817045, guid: a21e9239cc30cee4780bdbee70aa8158,
        type: 3}
      propertyPath: m_LocalEulerAnglesHint.x
      value: 0
      objectReference: {fileID: 0}
    - target: {fileID: -8679921383154817045, guid: a21e9239cc30cee4780bdbee70aa8158,
        type: 3}
      propertyPath: m_LocalEulerAnglesHint.y
      value: 0
      objectReference: {fileID: 0}
    - target: {fileID: -8679921383154817045, guid: a21e9239cc30cee4780bdbee70aa8158,
        type: 3}
      propertyPath: m_LocalEulerAnglesHint.z
      value: 0
      objectReference: {fileID: 0}
    - target: {fileID: 919132149155446097, guid: a21e9239cc30cee4780bdbee70aa8158,
        type: 3}
      propertyPath: m_Name
      value: Possum
      objectReference: {fileID: 0}
    - target: {fileID: 5866666021909216657, guid: a21e9239cc30cee4780bdbee70aa8158,
        type: 3}
      propertyPath: m_Controller
      value: 
      objectReference: {fileID: 9100000, guid: a37816f6e9c83b844ab510164bb3e027, type: 2}
    m_RemovedComponents: []
  m_SourcePrefab: {fileID: 100100000, guid: a21e9239cc30cee4780bdbee70aa8158, type: 3}
--- !u!95 &1448534612703743354 stripped
Animator:
  m_CorrespondingSourceObject: {fileID: 5866666021909216657, guid: a21e9239cc30cee4780bdbee70aa8158,
    type: 3}
  m_PrefabInstance: {fileID: 5003691771282075883}
  m_PrefabAsset: {fileID: 0}
--- !u!4 &4826194529678612224 stripped
Transform:
  m_CorrespondingSourceObject: {fileID: -8679921383154817045, guid: a21e9239cc30cee4780bdbee70aa8158,
    type: 3}
  m_PrefabInstance: {fileID: 5003691771282075883}
  m_PrefabAsset: {fileID: 0}
